2646 4496
238 391 323 461 228⁴
473 343 1030 493 ·t1r‘ru1,'r1¹r·.x1.‘
1242 490 1245 501 Ι

601 554 898 643 §.uuxxrrt
1008 565 1014 580 ’
1144 500 1165 552 ”

280 715 363 784 Inde
384 717 493 803 itaque
515 712 607 780 facile
629 717 1086 808 intelligetur·arrogationis
1107 716 1248 782 definitio.

238 806 419 892 Arrogatio
449 817 512 886 est,
537 817 635 870 actus
667 831 734 894 quo
758 810 859 874 leonio
880 809 1043 894 suijuris
1065 815 1252 873 auctoritate
1310 813 1311 816 ’

238 897 370 962 summi
389 896 592 982 imperantis
609 897 648 960 in
655 899 816 982 patriam
832 897 979 964 citatim
992 908 1191 985 potestatem
1205 919 1251 958 re·

239 986 382 1074 digitur.
398 982 463 1050 Ast
477 985 634 1070 quaeritur
648 984 701 1064 hic
716 987 897 1074 praecipue,
913 989 990 1068 odr,
1003 1011 1108 1076 quum
1116 987 1189 1050 olim
1201 1006 1252 1072 po·

262 1077 337 1158 ulus
352 1073 389 1137 in
412 1073 551 1136 comitiis
575 1073 688 1140 calatis
710 1075 749 1138 de
768 1075 1025 1161 arrogationibus
1050 1088 1183 1141 statuere
1203 1073 1251 1136 de-

238 1099 329 1230 beret
342 1212 351 1242 ‚
364 1174 396 1227 et
411 1161 543 1248 quidem
561 1163 751 1245 auctoritate
762 1163 979 1252 pontificum,
995 1179 1103 1254 postea
1118 1165 1253 1254 princeps

239 1253 298 1318 sibi
314 1253 346 1316 id
354 1253 408 1339 jus
422 1251 644 1337 arrogaverit?
665 1253 749 1317 Sane
765 1253 844 1328 olim
859 1257 1023 1340 arrogatio
1043 1255 1140 1322 fiebat
1156 1253 1189 1318 in
1206 1273 1253 1314 cu-

239 1341 350 1407 mitiis.
375 1342 472 1405 Pater
493 1363 648 1426 arrogans
672 1341 793 1408 ibidem
815 1343 1016 1424 declarabat,
1043 1367 1075 1410 se
1097 1346 1184 1409 hunc
1204 1337 1254 1404 sibi

237 1432 321 1497 velle
335 1429 442 1499 filium
453 1453 528 1494 esse.
541 1429 808 1518 Interrogabatur
823 1431 924 1514 filius,
941 1457 983 1498 an
998 1445 1114 1502 auctor
1129 1433 1213 1498 fieret
1227 1437 1254 1494 et

239 1521 276 1588 in
290 1521 375 1585 hanc
397 1518 636 1605 arrogationem
659 1523 877 1586 consentiret?
895 1522 929 1586 Si
947 1523 1152 1605 adfirmaret,
1168 1539 1255 1610 porro

241 1634 283 1676 ex
299 1607 506 1698 pontificibus
522 1609 745 1694 quaerebatur,
759 1610 846 1674 auid
863 1609 935 1676 fieri
946 1623 1153 1710 paterentur,
1167 1605 1256 1672 uthis
1310 1655 1311 1700 p

239 1701 342 1766 homo
354 1694 495 1784 suijuris
506 1697 541 1760 in
553 1721 641 1763 sacra
655 1697 784 1763 alterius
798 1711 830 1764 et
841 1695 1033 1786 potestatem
1049 1691 1257 1788 redigeretur?
1310 1757 1311 1778 χ

240 1789 303 1856 His
319 1810 448 1876 quoque
462 1787 732 1852 consentientibus
746 1788 952 1875 magistratus
970 1789 1129 1854 recitabat
1141 1788 1255 1854 formu·
1310 1783 1311 1854 Ῐ

241 1879 310 1944 l'am
327 1877 539 1943 sollemnem:
556 1875 598 1941 V
594 1877 682 1941 alitis
690 1889 704 1956 ς
705 1871 879 1959 jubeatis,
892 1878 1064 1960 Quirites,
1079 1891 1117 1944 ut
1128 1878 1181 1942 liic
1182 1916 1254 1940 ·······
1310 1941 1311 1966 ¹

241 1971 288 2034 sit
300 1968 371 2056 lege
383 1965 555 2052 etjureL.
573 1965 660 2030 Titii
669 1963 792 2052 filius,
807 1990 904 2054 reque
917 1993 958 2032 ac
973 1971 1005 2034 si
1025 1993 1066 2032 ex
1082 1994 1120 2034 ao
1130 1969 1255 2054 ¹ejusque

242 2055 615 2146 matrefamiliusemel
634 2057 762 2121 nutus?
780 2056 869 2128 Turn
891 2079 992 2144 porro
1009 2058 1150 2146 populus
1163 2056 1258 2120 mitte·
1310 2127 1311 2140 2

241 2146 339 2212 batur
353 2147 389 2210 in
401 2141 574 2229 suffragia,
586 2153 619 2208 et
633 2142 658 2207 si
675 2145 770 2231 plura
782 2143 932 2232 suffragia
941 2146 1022 2210 in'id
1029 2145 1258 2235 conspirarent,

241 2233 497 2320 tuncarrogatio
515 2255 575 2320 pro
592 2230 734 2320 perfecta
750 2233 940 2299 habebatur.
957 2235 1070 2320 Quem
1087 2236 1187 2300 ritum
1196 2230 1259 2297 satis

171 2375 173 2378 .
241 2325 371 2412 prolixe
388 2321 624 2411 explicavimus
647 2324 684 2386 in
704 2322 828 2410 Antiq.
851 2336 937 2410 nost.
950 2357 951 2360 ¹
963 2325 996 2390 b.
1017 2335 1041 2390 t.
1062 2327 1138 2390 Jam
1157 2325 1182 2388 si
1194 2341 1259 2404 ergo

241 2413 322 2476 olim
344 2434 440 2500 penes
460 2411 623 2500 populum
641 2423 673 2478 et
687 2411 854 2498 pontifices
871 2411 934 2476 fuit
954 2415 1168 2500 arrogationis
1186 2409 1261 2476 arbi·

211 2529 213 2534 ·
241 2491 365 2582 trium,
385 2499 451 2586 qno
477 2501 551 2585 jure
577 2499 610 2562 id
638 2511 747 2588 postea
774 2501 937 2589 principes
958 2503 1017 2567 sibi
1039 2497 1260 2570 vindicarunt?

241 2592 342 2680 Resp.
361 2594 405 2654 1⁰.
423 2589 509 2674 Quia
530 2589 670 2678 populus
685 2611 784 2665 omne
793 2591 846 2685 jus
865 2591 895 2655 ei
910 2601 941 2654 et
959 2591 994 2654 in
1017 2613 1096 2656 eum
1112 2587 1261 2657 transtulit

242 2679 332 2767 Lege
347 2678 470 2766 Regia,
485 2680 516 2762 ς.
531 2681 569 2758 6,
593 2679 683 2743 Insl.
709 2677 743 2743 h.
766 2691 789 2744 t.
818 2683 864 2743 2⁰.
884 2679 971 2765 Quia
994 2681 1159 2771 principes
1176 2675 1261 2745 simul

241 2783 336 2836 erant
366 2767 534 2859 pontifices
562 2766 725 2854 maximi,
756 2781 794 2832 ut
820 2769 1001 2834 luculenter
1026 2769 1139 2835 docuit
1165 2767 1261 2836 Andr.

243 2861 356 2939 Bosim
379 2860 419 2923 cle
438 2852 594 2946 pontific.
621 2880 715 2921 max.
743 2860 826 2946 imp.
852 2860 955 2924 Rom.
982 2860 1040 2946 qui
1064 2859 1148 2926 liber
1168 2881 1186 2922 a
1210 2855 1262 2920 Ge.

180 2957 181 2962 ’
243 2950 377 3028 Graea‘io
390 2945 542 3038 primum
561 2947 743 3034 'separatim
756 2970 907 3026 recusus,
932 2958 963 3011 et
985 2961 1094 3036 postea
1116 2950 1261 3014 thesauro

240 3037 514 3126 'Antii-justene.
530 3037 667 3123 insertus
679 3051 737 3100 est.
752 3037 869 3122 Quum
882 3037 990 3122 itaque
998 3038 1163 3128 principes
1170 3048 1199 3101 et
1210 3056 1263 3124 po·

243 3129 314 3218 puli
328 3139 359 3192 et
372 3127 568 3218 pontificum
577 3126 655 3212 jura¹
668 3125 710 3188 ad
720 3148 752 3190 se
766 3127 849 3191 solos
869 3129 1039 3191 traxissent
1058 3129 1150 3192 nullo
1161 3127 1263 3190 adver·
1308 3173 1309 3184 ,

242 3223 354 3297 sante,
368 3239 435 3280 nou
447 3213 571 3279 mirum
590 3237 667 3302 sane
684 3225 747 3296 est,
763 3217 892 3281 eosdem
907 3218 1166 3304 arrogationibus
1182 3231 1263 3282 suam

242 3303 725 3402 interposuissetauctoritatem.

460 3484 463 3488 ·
553 3496 556 3500 -
623 3421 895 3548 §.ctxxr
963 3459 977 3526 ,’

289 3627 367 3694 lam
383 3623 565 3712 quaeritur,
583 3645 737 3713 quaenam
748 3624 789 3708 sit
800 3625 1013 3712 arrogationis
1024 3627 1163 3692 natura?
1175 3621 1262 3690 Vidi-

244 3715 366 3786 rnusiin
380 3706 584 3796 defi'nitibne,
601 3738 659 3803 per
673 3737 746 3779 eam
766 3727 808 3778 ex
829 3715 961 3790 homine
976 3717 1118 3803 suijuris
1131 3714 1199 3780 lieri
1213 3709 1263 3774 ali-

245 3830 345 3895 quem
369 3805 538 3870 hominem
564 3804 671 3870 alieno
694 3805 763 3890 juri
786 3804 979 3888 subjectum.
1003 3807 1083 3872 lnde
1108 3803 1261 3890 sequitur,

234 3910 321 3970 ,eam
330 3919 392 3962 esse
401 3896 541 3983 speciem
554 3894 666 3982 capitis
681 3893 912 3959 deminutionis
920 3909 930 3976 3
941 3907 972 3958 et
981 3895 1110 3981 ,quidem
1120 3892 1262 3958 mimme-

245 3986 364 4072 Quum
377 3997 487 4052 autem
505 3983 629 4053 nemini
642 3983 744 4057 iuvita
755 3983 832 4071 jura
842 3983 1013 4066 suanadimi'
1022 3995 1171 4075 possent3
1187 3988 1262 4046 recte
