2644 4504
400 149 673 284 &W
699 126 1036 286 rithmi*

278 326 1069 404 uaAUcront'rATu.'rUTOnuu.
1122 352 1183 421 ur

157 434 323 522 promitti,
339 439 472 521 donari,
487 453 548 508 etc.
563 440 609 530 (b)
623 442 712 528 quod
722 454 907 507 contractus
918 441 1095 506 bilatereles
1107 464 1185 506 cum

159 525 288 612 pupillo
300 527 371 592 initi
385 529 588 612 claudicent,
607 530 629 594 i.
649 553 680 596 e.
697 532 778 596 alter
790 532 915 620 pupillo
928 531 1111 617 obligatur,
1128 531 1183 594 aed

158 613 305 700 pupillus
324 639 392 682 non
415 619 577 705 obligatur
600 619 714 699 alteri,
739 623 765 686 si
787 621 901 684 tutoris
920 621 1093 685 auctoritas
1116 641 1185 684 non

158 703 301 769 accessit.
318 707 356 772 E.
374 729 405 793 g.
422 709 547 796 pupillo
564 720 725 774 mercator
744 711 886 774 vendidit
900 709 1106 796 horologium
1121 731 1185 772 au-

159 810 258 855 reum
279 817 341 882 pro
364 817 425 861 too
446 795 574 862 florenis
593 797 659 862 sine
678 799 793 863 tutoris
812 798 1022 878 auctoritate,
1043 797 1186 887 pupillus
1248 869 1250 874 ,

158 882 263 945 tutori
279 884 418 964 indicat,
441 908 472 950 se
492 887 623 967 emisse,
638 887 745 953 tutori,
757 888 863 976 placet
882 888 1047 978 pretium,
1067 887 1187 952 mittit-

161 987 227 1051 que
240 1019 249 1049 ,
263 972 320 1059 qui
336 973 417 1038 illud
432 987 592 1040 numeret.
610 976 792 1056 Mercator,
808 999 906 1064 quem
926 976 1049 1042 interea
1073 975 1187 1042 vendi-

158 1055 261 1141 tionis
280 1063 452 1150 poenituit,
476 1076 572 1151 negat
592 1088 623 1128 se
646 1087 708 1130 roo
730 1065 860 1130 florenis
880 1065 1111 1145 venditurum,
1126 1087 1187 1131 uec

1 1165 2 1198 l
162 1167 207 1245 ert
228 1161 399 1216 contractu
419 1175 495 1217 cum
512 1153 636 1242 pupillo
657 1154 737 1219 inito
756 1177 788 1220 se
803 1155 940 1242 obligari
959 1165 1063 1244 putat.
1083 1153 1188 1240 Quae·

163 1245 268 1318 ntur,
284 1261 327 1302 an
347 1239 529 1328 obligetur?
546 1243 703 1308 Omnino.
722 1243 784 1308 Sed
797 1244 822 1308 si
835 1243 1000 1332 pupillum
1017 1243 1114 1308 vellet
1131 1266 1189 1310 co·
1209 1309 1215 1321 ,

164 1345 242 1410 gere
256 1341 418 1395 mercator
427 1380 436 1411 ,
454 1343 489 1396 ut
508 1331 651 1419 pretium
667 1333 786 1413 solvat,
802 1345 888 1396 reete
904 1331 1111 1421 responderet
1125 1356 1188 1420 pn·

162 1415 280 1500 pillos,
299 1441 334 1483 se
349 1419 416 1485 siue
435 1431 540 1486 tutore
559 1443 628 1486 non
646 1421 782 1509 obligari
798 1421 948 1509 potuisse.
965 1421 1015 1485 At
1031 1422 1189 1504 injustum

160 1503 293 1570 videtur
301 1555 311 1588 ‚
328 1519 543 1576 mercatorem
558 1510 712 1596 obligari,
729 1510 893 1600 pupillum
907 1532 976 1574 non
993 1508 1131 1596 obligari
1145 1531 1188 1576 ex

162 1593 276 1658 eodem
297 1609 477 1662 contractu.
497 1598 560 1664 Sed
579 1622 662 1688 resp.
683 1600 717 1664 id
737 1622 805 1664 non
826 1621 890 1664 ease
910 1597 1097 1663 absurdum.
1120 1599 1190 1664 Sibi

166 1681 256 1747 enim
272 1685 434 1778 imputare
451 1687 565 1770 debet,
586 1689 734 1778 quicum
754 1689 886 1778 pupillo
900 1687 967 1752 sine
987 1699 1095 1753 tutore
1117 1688 1190 1752 iniit

162 1784 389 1856 contractum,
411 1775 554 1865 adeoque
577 1800 636 1842 nee
656 1799 741 1864 aegre
765 1777 868 1858 ferre,
888 1773 976 1864 quod
1002 1787 1189 1844 contractus

165 1858 220 1925 hic
236 1862 414 1946 claudicet,
431 1888 490 1931 nec
506 1866 546 1930 sit
562 1889 603 1931 ex
619 1877 755 1954 utraque
770 1877 860 1956 parte
873 1865 1089 1952 obligatorius.

206 2015 329 2085 Quoties
349 2016 447 2074 minor
465 2016 565 2092 aliquo
586 2027 740 2074 contractu
758 2017 843 2073 laesus
860 2020 923 2084 est,
941 2013 1027 2072 toties
1046 2013 1190 2070 restutio·

166 2113 234 2150 nem
252 2109 351 2170 petere
370 2110 488 2173 potest,
508 2113 562 2155 art.
582 2096 660 2155 1305.
678 2101 747 2155 Non
768 2098 933 2157 restituitur
952 2096 1030 2152 enim
1048 2106 1190 2170 tanquam

167 2176 264 2233 minor
274 2213 294 2318 ‚5
300 2179 351 2237 sed
370 2192 512 2258 tauquam
523 2181 624 2250 laesus,
640 2190 668 2236 et
681 2181 796 2238 tantum
808 2179 840 2238 in
849 2179 963 2238 casibus
973 2179 1036 2256 lege
1047 2178 1188 2254 praevisis.

167 2271 273 2319 aram
296 2301 303 2317 .
400 2279 402 2282 ’

564 2397 593 2481 a.
617 2393 790 2460 cottn.

165 2583 168 2592 ¹
210 2552 274 2618 Sed
287 2555 432 2618 maxima
446 2555 500 2619 hio
514 2554 671 2620 dubitatio
685 2553 763 2619 oriri
778 2563 882 2642 posset
892 2553 932 2618 de
945 2552 1085 2618 aditione
1098 2551 1192 2640 here·

167 2642 289 2722 ditatis,
304 2667 346 2711 an
361 2639 396 2708 et‘
411 2644 473 2708 itta
484 2645 598 2708 tutoris
613 2643 839 2708 auctoritatem
859 2641 1124 2727 exig'ait'l'l'osset'
1140 2638 1193 2708 rs-
1206 2668 1263 2695 *α

168 2733 237 2796 deri
253 2755 460 2821 supervacua.
474 2733 542 2798 hmo
562 2734 735 2798 auctoritas
744 2779 753 2810 ‚
769 2732 844 2818 quia
862 2731 1071 2796 hereditatem
1085 2730 1194 2796 athene

167 2821 386 2886 conditionem
407 2843 499 2886 suam
518 2822 649 2888 reddere
669 2822 768 2884 soleat
789 2820 959 2884 meliorem
979 2831 1012 2884 et
1033 2821 1095 2882 hoc
1116 2813 1193 2883 casu

167 2932 250 2998 opus
268 2911 391 2975 nonsit
407 2911 596 2976 auctoritate
611 2910 739 2989 tutoris3
753 2909 932 2974 secundum
948 2908 1096 2994 regulam
1117 2931 1195 2972 nos-

167 3011 256 3083 tram
271 3004 451 3089 expositam
466 3002 495 3086 ς.
514 3001 572 3064 251
587 3003 599 3062 ἐ
615 3010 767 3063 ettamen
782 2999 867 3082 leges
881 2997 995 3060 diserte
1009 3007 1119 3060 vetant
1135 3019 1194 3085 pu·
1227 3025 1276 3056 ...a

167 3089 287 3178 pillum
305 3091 372 3154 sine
395 3090 510 3154 tutoris
528 3088 718 3154 auctoritate
738 3086 825 3150 adire
847 3084 1079 3163 hereditatem,
1103 3086 1132 3149 l.
1142 3109 1193 3170 9,
1261 3133 1263 3136 -

123 3209 127 3220 ¹
168 3179 201 3263 §.
218 3181 262 3258 3,
274 3174 318 3266 ffi
338 3180 371 3244 h.
391 3187 415 3242 t.
434 3180 463 3264 ἕ.
484 3201 495 3242 r
507 3226 518 3256 ,
536 3179 625 3243 [rtet.
642 3177 674 3242 lt.
693 3187 716 3239 t.
734 3177 897 3261 Quaenam
915 3173 1026 3238 ratio?
1044 3174 1195 3260 Plerique

144 3323 147 3352 r
169 3267 284 3332 dicunt
296 3317 305 3347 ,
319 3267 353 3332 id
364 3266 436 3332 ideo
450 3267 772 3354 prohibuisse'leges,
790 3264 866 3350 quia
888 3261 1070 3328 hereditatis
1092 3264 1194 3328 aditio

169 3355 211 3422 sit
248 3355 404 3422 ericulosa
422 3357 463 3420 ob
479 3356 608 3421 latitans
625 3374 666 3420 ees
684 3355 838 3420 alienum.
857 3353 919 3417 Sed
937 3351 1006 3416 haec
1030 3353 1114 3418 ratio
1127 3375 1196 3418 non

169 3377 300 3512 euticii.
315 3444 404 3509 Nam
419 3445 453 3510 in
469 3447 499 3530 ς.
516 3467 534 3509 2
543 3495 555 3526 ,
573 3445 658 3510 lost.
676 3445 709 3509 h.
728 3457 751 3508 t.
769 3464 916 3532 expresse
931 3441 1068 3523 dicitur,
1086 3443 1198 3532 pupil-

168 3535 243 3603 lum
257 3557 325 3599 nou
340 3533 428 3600 adire
442 3556 533 3623 posse
551 3535 617 3599 sine
636 3546 762 3613 tutore,
783 3534 859 3598 lieet
876 3531 1046 3598 hereditas
1062 3533 1197 3598 lucroso

164 3626 230 3690 eit.
258 3622 337 3688 Alia
362 3625 491 3710 itaque,
513 3636 546 3702 et
567 3623 699 3709 quidem
721 3623 845 3712 duplex
867 3622 950 3687 ratio
975 3621 1197 3686 observandae

177 3723 221 3778 1⁰.
246 3711 334 3798 Quia
356 3713 453 3778 aditio
472 3713 654 3780 hereditatis
671 3725 717 3778 est
738 3713 828 3799 quasi
850 3721 1052 3790 contractus,
1075 3729 1141 3795 quo
1163 3731 1196 3774 se
1231 3740 1295 3772 ...2-

174 3801 286 3867 adiens
302 3801 424 3888 obligat
435 3803 595 3888 legatariis
610 3813 641 3866 et
659 3799 959 3872 fideicommissariis
972 3799 1013 3862 ad
1027 3798 1199 3862 exsolven-
1219 3803 1221 3807 ’

176 3891 259 3958 dum
271 3891 327 3975 id,
343 3891 430 3981 quod
443 3891 517 3984 ipsis
536 3903 725 3976 testamento
741 3891 893 3968 relictum
903 3938 913 3974 ‚
930 3888 952 3953 l.
969 3891 1018 4038 δὲ
1026 3909 1081 3971 pr.
1094 3885 1141 3976 ff.
1157 3887 1199 3952 de

1035 3974 1053 4042 5
