2644 4504
267 299 333 368 ass
467 320 470 329 ·
502 292 672 366 umus
695 300 732 382 1,
759 241 867 367 rrr.
892 297 1060 367 xxrrr.
1125 377 1133 385 ,

331 411 421 482 Quod
433 410 472 468 ad
483 395 530 468 me
541 413 660 470 attinuit
672 453 683 481 ,
696 413 819 482 curavi,
836 413 920 489 quod
932 411 1080 470 mandasti
1091 409 1172 466 mihi.

270 531 365 598 Idem
380 531 416 595 in
430 532 584 598 Mostell.
597 532 679 598 Aet.
694 555 727 615 t,
741 533 837 598 Scan.
852 555 882 614 1,
899 558 929 599 ν.
943 531 1000 598 24.

331 662 461 718 Hoccine
470 663 621 718 mandavit
635 661 707 732 tibi,
731 679 825 740 quum
837 679 959 740 peregre
969 663 1037 720 hinc
1047 639 1102 718 ivit
1114 659 1221 718 senex?

331 742 460 801 Hocoinc
475 745 566 801 modo
584 745 631 801 hic
646 765 708 802 reus
722 759 855 804 curatam
868 743 999 803 ostendet
1011 741 1121 801 suam?

189 947 191 952 Ι
267 863 395 932 Etaiibi
405 863 635 954 passim.Unde
644 865 809 930 etaCorn.
819 887 886 950 van
893 862 1141 954 Bynkershoek.
1150 862 1226 928 0122.
1236 860 1285 938 II,

269 976 315 1022 20
331 955 592 1020 animadversum
606 967 667 1036 est,
683 968 908 1044 procuratores
916 955 1049 1022 Caesaris
1060 955 1159 1026 etiarn
1171 961 1284 1018 curato·

270 1067 325 1110 res
340 1037 487 1112 Caesaris
503 1043 615 1110 dictos.
631 1043 721 1110 Add.
739 1045 762 1109 l.
777 1045 1135 1126 1,C·situt.velcur.
1150 1043 1242 1140 inter,

639 1189 670 1274 s.
701 1187 931 1258 ccuxvr.
1006 1165 1009 1170 ’

284 1317 287 1324 ¹
317 1344 370 1408 Ex
382 1343 444 1409 hac
458 1343 547 1408 vocis
555 1327 786 1428 signibcatioue
792 1344 863 1431 jam.
875 1345 984 1408 statim
996 1343 1221 1410 fluitdefinitio
1234 1365 1280 1404 cu·

273 1433 390 1500 satoris
404 1443 436 1498 et
447 1433 610 1498 curateloe.
620 1433 784 1498 Curatela
795 1433 953 1497 nimirum
966 1447 1012 1498 est
1022 1445 1179 1521 potestas
1192 1431 1282 1495 adnu-

243 1522 451 1676 pnistrandi
472 1521 562 1586 hona
584 1531 617 1586 et
637 1544 708 1586 rem
719 1519 941 1609 familiarem
965 1544 1104 1601 eorum,
1126 1523 1186 1610 qui
1202 1520 1280 1584 retu

273 1613 347 1676 suis
360 1611 428 1698 ipsi
438 1633 611 1697 superesse
622 1622 805 1698 nequeunt.
816 1611 916 1691 Dico,
932 1620 981 1675 1⁹.
986 1623 1158 1698 potestas,
1170 1631 1231 1674 non
1239 1607 1281 1670 ad·

273 1698 424 1788 quisitiva
435 1749 443 1779 ,
456 1699 559 1786 qualis
570 1711 615 1764 est
631 1700 732 1788 patris
744 1699 781 1764 in
791 1699 894 1780 filios,
909 1701 1034 1764 domiui
1054 1701 1091 1764 in
1108 1699 1230 1766 servos?
1241 1695 1278 1758 sed

274 1791 460 1871 directim,
478 1788 581 1874 qualis
600 1788 753 1852 omnibus
769 1809 885 1854 rerum
896 1789 1079 1854 alienarum
1099 1787 1279 1853 administra-

272 1879 399 1944 toribus
412 1878 579 1966 cotnpetit.
593 1879 690 1959 Dico,
713 1884 759 1941 2⁰.
772 1879 1046 1944 odnunistmndi
1070 1879 1160 1954 bonu
1178 1889 1209 1940 et
1225 1895 1278 1938 reru

265 1967 499 2060 familiarem.
520 1967 810 2052 Quemadmodum
830 1967 919 2032 euim
938 1979 1027 2032 tutor
1050 1987 1217 2055 personam
1231 1985 1279 2050 pu·

273 2058 344 2148 pilli
368 2069 478 2146 tuetur
493 2056 639 2144 adeoque
658 2056 759 2120 tutela
772 2068 818 2120 est
828 2059 878 2122 vis
890 2067 923 2120 et
933 2067 1075 2145 potestas
1085 2055 1126 2120 ad
1139 2050 1277 2120 ¹tuendum

273 2171 349 2216 eum
366 2197 375 2227 ,
389 2148 448 2234 qni
463 2169 521 2234 per
536 2145 746 2234 aetetemipse
756 2169 788 2209 se
800 2143 968 2211 defendere
983 2147 1115 2232 nequit,
1130 2147 1152 2214 t.
1167 2139 1239 2232 1,ff
1249 2137 1279 2202 <te

275 2249 339 2302 tut.
353 2237 398 2300 ita
417 2236 562 2300 curatela
575 2247 623 2300 est
639 2246 775 2324 potestas
792 2234 1038 2300 administrandi
1060 2256 1115 2298 res
1134 2231 1184 2298 vel
1199 2233 1278 2294 bons

262 2325 402 2404 Addo,
430 2324 483 2392 5⁹.
508 2326 568 2411 qui
597 2325 698 2389 rebus
724 2325 797 2388 suis
824 2323 896 2412 ipsi
916 2345 1091 2412 superesse
1120 2324 1276 2409 nequeunt·

274 2415 363 2499 Ergo
378 2426 540 2477 curatores
563 2413 682 2478 dantur
696 2411 755 2493 iis,
777 2413 834 2498 qui
856 2413 992 2500 quidem
1005 2415 1112 2502 pierres
1134 2420 1205 2476 sunt
1220 2425 1278 2492 per*

274 2525 362 2568 sonae
380 2513 412 2566 et
431 2500 598 2589 perl'ectae,
622 2502 655 2566 id
673 2513 740 2582 est,
762 2502 921 2590 puberes,
941 2503 999 2566 sed.
1018 2513 1130 2567 tamen
1152 2499 1190 2563 ob
1210 2490 1277 2558 eliud

271 2591 544 2680 impedimentum
559 2614 608 2656 res
622 2614 694 2656 suns
711 2591 773 2680 ipsi
793 2613 913 2656 curare
929 2614 999 2656 non
1021 2601 1171 2680 possunt,
1188 2581 1277 2672 quius

249 2741 252 2748 ,
274 2692 352 2745 sunt
377 2681 545 2760 minores,
561 2680 712 2765 juriosi,
731 2679 896 2768 prodigi,
915 2692 1087 2769 perpetua
1108 2671 1276 2748 vatemus

210 2841 213 2845 ¹
277 2771 450 2858 oppressi,
468 2768 642 2848 absentes,
658 2780 718 2834 etc.

633 2912 663 2996 p.
693 2900 940 2977 conxvrr.

320 3058 374 3122 Ex
388 3056 450 3120 hac
463 3076 561 3144 porro
576 3049 761 3116 definitione
777 3073 836 3139 per
847 3072 879 3114 se
891 3061 998 3139 patet,
1016 3071 1166 3138 quaenam
1175 3044 1231 3110 siut
1240 3040 1277 3102 in·

277 3161 328 3222 ter
353 3159 497 3210 tutorem
529 3154 562 3207 et
587 3153 771 3206 curatorem
796 3137 991 3204 differentiae.
1019 3141 1207 3208 Videbimus
1226 3127 1278 3192 itas

233 3307 235 3312 ,
277 3259 401 3304 ornnes.
419 3242 461 3298 1⁰.
476 3234 584 3298 Tutor
599 3229 756 3318 primario
767 3229 864 3293 datur
879 3251 1022 3318 pessonae
1032 3281 1041 3313 ,
1053 3221 1231 3296 secundario
1240 3235 1278 3278 re·

277 3327 337 3398 bus
348 3334 493 3389 :curator
502 3321 658 3410 primario
668 3318 974 3399 rebu's,secundario
987 3343 1130 3407 personae
1142 3317 1184 3418 (ᾗ
1198 3301 1276 3384 20t·)

224 3441 251 3462 r
278 3424 324 3481 ιο.
338 3413 486 3501 Pupillus
501 3411 590 3474 enim
604 3421 650 3473 est
660 3429 797 3498 persona
809 3407 909 3474 veluti
920 3407 1053 3474 dimidia
1064 3459 1071 3485 ,
1084 3421 1115 3474 et
1128 3408 1199 3472 hmo
1208 3399 1276 3461 inte·

277 3502 401 3591 grande
416 3513 449 3566 et
458 3500 638 3588 supplenda
651 3519 708 3586 per
720 3509 862 3560 tutorem
872 3497 1004 3584 ejusque
1015 3499 1229 3564 auctoritatem
1238 3486 1274 3544 :³2

279 3591 380 3686 pubes
402 3602 447 3654 est
471 3610 603 3677 persone
628 3587 724 3674 plena
746 3597 777 3650 et
797 3583 958 3674 perfecta,
978 3588 1119 3676 adeoque
1138 3600 1210 3669 opus
1225 3583 1275 3634 ³⁰¹¹

255 3671 402 3761 *effiiiit
418 3678 682 3766 supplementum
697 3675 828 3742 accedat
841 3697 899 3764 per
915 3687 1066 3741 sutorem.
1085 3675 1167 3762 Quia
1187 3674 1273 3730 tamen

278 3794 347 3838 nou
358 3791 484 3858 semper
495 3779 541 3831 est
553 3763 1044 3855 paterfamilissbonusetsrugi,
1057 3767 1131 3832 lsinc
1142 3761 1170 3828 ei
1179 3753 1275 3842 adjus·

279 3860 402 3954 gendes
412 3867 543 3926 curator
553 3907 563 3938 ,
574 3855 632 3943 qui
645 3853 1153 3944 bonisadmiuis'traudisinuigitet
1162 3899 1171 3934 ,
1181 3844 1273 3930 detque
