2756 4504
110 469 113 476 ¹
199 385 264 476 394
464 395 634 466 LIBER
664 396 726 480 11,
751 387 959 469 r1r.1v.

104 589 107 594 Ι
198 499 361 601 videntur.
378 501 419 568 In
432 504 462 591 5.
483 529 522 587 2,
543 510 633 593 Inrt.
650 510 683 575 t.
701 519 724 573 t.
746 505 782 574 iu
801 510 996 577 vestimentis
1015 529 1080 576 esse
1102 507 1226 576 dicitur

199 591 527 690 quasrgususfructusr
543 589 656 663 conire
667 598 701 663 in
711 599 734 663 l.
746 604 785 663 15
793 647 803 680 ‚
818 601 848 685 §.
863 599 889 664 4
897 650 909 680 ,
918 599 965 690 ff.
980 599 1088 688 usufr.
1105 623 1227 688 quem-

185 675 353 779 'ht'dv‘carc
380 688 476 748 etiam
503 707 598 752 verus
625 685 822 752 ususfructus
843 688 879 753 in
910 689 1048 755 vestibus
1072 689 1226 755 constitui

200 765 330 851 dicitur.
356 771 418 836 Hic
438 775 542 839 multa
564 775 741 842 d'dr'r'adunt
760 777 921 860 doctores,
936 779 982 842 'ut
1002 778 1230 842 iustinianum

196 853 218 918 J
222 855 379 923 ustiniano
394 860 577 930 concilient.
594 865 742 954 Plerique
759 865 978 954 distinguunt,
997 866 1102 932 sintne
1122 877 1227 931 restes

197 963 273 1014 usus
293 948 491 1034 quotidiani,
513 977 574 1034 an,
596 953 713 1041 quibus
733 954 844 1020 diebus
865 955 1073 1021 sollemnibus
1086 967 1119 1020 et
1137 954 1227 1020 festis

198 1043 343 1100 utamur.
362 1038 403 1102 In
415 1040 477 1106 illis
488 1041 837 1128 quasi-usumFruotum
850 1065 914 1110 esse
929 1045 1060 1124 dicunt,
1075 1043 1151 1131 quia
1164 1065 1229 1108 usu

198 1139 452 1193 consumantur:
469 1131 503 1194 in
523 1131 573 1196 his
589 1153 705 1198 verum
724 1131 987 1214 usumfructum,
1007 1133 1084 1220 quia
1106 1131 1229 1197 diutius

198 1211 294 1277 salvae
308 1229 472 1282 maneant.
490 1219 554 1284 Sed
567 1221 637 1287 hoec
651 1233 765 1308 arguta
778 1221 881 1310 magis
897 1243 997 1308 quam
1013 1243 1103 1287 vera.
1116 1222 1227 1286 Potest

196 1306 486 1395 utrumquestatui.
500 1308 539 1372 In
550 1309 687 1374 vestibus
698 1333 791 1375 verus
801 1307 999 1376 ususfructus
1007 1321 1063 1390 est,
1073 1311 1229 1375 sicarum

196 1389 437 1459 usumfructum
459 1397 503 1460 ita
523 1399 642 1484 legavit
662 1410 810 1480 testator,
834 1410 872 1462 ut
890 1400 969 1464 tales
990 1400 1228 1478 restituantur,

197 1479 307 1563 quales
321 1495 396 1546 sunt
404 1533 414 1564 ,
428 1484 521 1550 finito
535 1485 715 1552 usufructu.
730 1489 851 1553 Contra
866 1498 898 1552 et
915 1485 1230 1576 qnasi-ususfructus

171 1579 177 1590 ’
195 1569 334 1670 vestium
345 1594 408 1637 esse
419 1586 539 1662 potest,
551 1576 577 1640 si
587 1587 718 1642 testator
728 1577 866 1644 voluerit
877 1625 886 1658 ,
899 1588 936 1640 ut
947 1575 1039 1641 finito
1051 1575 1229 1642 usufructu
1308 1633 1312 1640 .

197 1659 315 1758 similes
334 1674 434 1727 vestes
450 1665 631 1730 volcarum
645 1666 812 1732 estimatio
826 1667 1032 1744 restituatur,
1046 1687 1148 1752 eoque
1162 1685 1230 1729 no·-

196 1766 286 1820 mme
300 1752 407 1816 cautio
425 1765 605 1840 praestetur.
626 1755 870 1821 Animadvertit
883 1755 946 1820 hoc
961 1755 1030 1820 Dn.
1048 1755 1229 1842 Pagenste-

199 1835 316 1903 chorus
330 1839 365 1904 in
380 1841 583 1928 Apltorism.
600 1843 650 1910 ad
662 1846 755 1912 Insl..
767 1845 799 1910 fr.
815 1855 839 1908 t.
1138 1842 1145 1852 ’

237 1996 328 2065 Quod
342 1999 390 2056 hle
404 1988 533 2058 traditur
546 2001 584 2058 de
596 1975 759 2059 usufructu
769 2019 872 2062 cerum
886 2019 1068 2078 rerumquae
1078 2019 1138 2070 usn
1150 2017 1230 2057 con·-

196 2089 379 2148 tumuntur,
394 2081 588 2142 confirmatur
599 2095 653 2142 art.
664 2080 719 2162 58]
733 2083 808 2140 Coei.
820 2085 921 2144 nostri,
1025 2153 1030 2158 ,

574 2235 605 2321 ς.
630 2231 847 2300 ccccxx.

243 2393 413 2479 Quaeritur
428 2396 557 2478 adhuc,
571 2418 614 2460 an
625 2407 657 2462 et
668 2417 764 2462 onera
781 2393 930 2481 quaedam
942 2391 1229 2460 lrabeatnsufruc-

146 2568 150 2581 ι
196 2483 349 2547 tuarius?
367 2485 513 2552 Romani
532 2507 659 2576 semper
680 2485 725 2562 ita
746 2484 888 2549 inierunt
909 2485 1063 2562 rationes,
1089 2505 1227 2569 aequum

144 2591 149 2671 j
196 2595 277 2652 esse,
300 2583 352 2650 ut,
380 2574 436 2660 qui
463 2576 637 2640 commoda
661 2573 815 2662 percipit,
849 2595 926 2636 eum
952 2585 984 2637 et
1011 2571 1232 2637 incommoda·
1270 2597 1273 2602 ·

78 2669 80 2674 '
144 2680 149 2755 ξ
194 2673 382 2748 sequantur.
399 2663 476 2726 Jam
493 2686 596 2750 quum
615 2664 725 2752 paullo
742 2673 815 2725 ante
835 2662 865 2744 ς.
890 2661 955 2725 418
972 2661 1227 2738 ostenderimus,

144 2767 151 2779 ⁴
193 2748 473 2816 usufructuarium
496 2775 538 2817 ex
563 2775 599 2817 re
629 2753 731 2816 aliena
757 2762 869 2814 omnes
894 2747 1018 2815 fructus
1047 2750 1232 2836 omniaque

195 2837 368 2905 commoda
384 2843 567 2931 percipere,
579 2841 662 2906 nihil
674 2839 796 2927 Quieto
808 2849 872 2918 est,
887 2862 988 2925 quam
1001 2849 1038 2902 nt
1048 2849 1081 2902 et
1091 2831 1230 2902 incone-

195 2929 293 2998 moda
321 2928 420 3011 ferat,
448 2955 521 3018 quae
549 2931 596 2995 rei
623 2931 690 3016 ejus
711 2927 915 2993 incumbant.
939 2927 1032 2992 Talia
1057 2949 1135 2991 cnm
1158 2926 1232 2991 siric

162 3049 175 3060 ν
195 3039 294 3097 onera
311 3031 343 3084 et
361 3021 482 3086 tributa
498 3021 551 3085 vel
566 3020 752 3106 vectigalia,
766 3039 841 3105 quar
859 3040 901 3082 er
923 3039 956 3081 re
974 3016 1126 3080 solvende
1147 3025 1232 3079 suar

195 3109 248 3173 vel
269 3109 348 3174 fisco
366 3111 417 3175 vel
437 3110 571 3190 aerario,
593 3131 629 3174 ca
654 3107 770 3173 merito
793 3107 925 3170 sustinet
947 3101 1228 3184 usufructuarius,

197 3197 220 3259 l.
229 3218 256 3284 7
263 3246 275 3276 ,
288 3199 318 3282 §.
334 3221 373 3278 2,
379 3198 426 3288 ff
440 3201 485 3264 'de
500 3197 668 3286 usufruct.
684 3198 836 3261 Ceterum
851 3195 1064 3284 facilepatet,
1079 3193 1111 3257 id
1123 3192 1229 3256 intel-

194 3285 366 3371 ligendum
376 3310 440 3352 esse
458 3288 497 3352 de
508 3287 636 3353 tributis
649 3299 681 3352 et
693 3285 843 3351 oneribus
858 3283 905 3348 rei
916 3281 1103 3346 fructuariae
1113 3281 1229 3370 impo-

194 3375 270 3439 sitis.
290 3376 379 3440 Nam
398 3377 424 3440 si
443 3399 541 3444 onera
560 3377 623 3440 sint
641 3374 836 3466 personalia,
859 3373 960 3438 veluti
975 3393 1087 3436 census
1107 3369 1226 3456 capitis

196 3462 212 3552 (
222 3463 461 3551 Kopſssteuer),
485 3487 521 3529 ea
544 3488 605 3554 pro
628 3489 689 3554 pro
712 3463 841 3529 rietario
861 3483 930 3526 non
952 3459 1048 3526 solvit
1072 3456 1230 3524 usufruc-

134 3617 136 3620 .
195 3555 337 3635 tuarius,
352 3555 408 3619 sed
427 3553 494 3643 ipse
510 3554 552 3618 ad
574 3555 631 3620 ista
654 3489 806 3621 solvenda
828 3549 998 3634 obstrictus
1013 3559 1059 3615 est
1073 3547 1229 3644 proprie-

195 3643 307 3708 tarius.

118 3783 124 3802 ’
235 3801 284 3858 An
309 3811 339 3857 et
362 3801 509 3876 qnatenus
527 3841 536 3871 ‚
556 3799 668 3860 trrlruta
691 3814 721 3860 et
743 3798 894 3879 vectigalia
912 3839 921 3866 ,
951 3795 1065 3858 solvere
1087 3805 1228 3854 teneatur

183 3880 396 3951 fructuarius,
409 3884 509 3943 ridere
521 3895 564 3942 est
577 3886 608 3942 in
621 3883 692 3942 cod.
703 3886 785 3960 Nap.
802 3897 855 3940 art.
872 3881 926 3942 608
942 3895 972 3938 et
986 3879 1047 3956 609.
1064 3879 1111 3934 An
1133 3878 1226 3934 etiam

196 3963 248 4024 aeri
264 3963 360 4022 alieno
379 3966 499 4026 obedire
517 3977 653 4029 teneatur
664 4007 673 4038 ,
686 3965 819 4044 defuncti
838 3959 924 4038 cujus
942 3961 1112 4020 liberalitate
1133 3959 1227 4020 hahet
