2644 4504
204 277 281 347 ssa
382 364 392 375 ‚
499 271 951 356 ntnna11‚r1r.1.

387 439 418 524 ς.
449 437 605 520 ccco,
633 433 791 501 eccm
816 446 849 500 a
874 433 1063 501 occttr.

260 594 372 663 Tertia
386 596 504 686 species
516 595 736 686 occupationis
753 607 801 661 est
821 597 979 662 inventio.
1000 593 1152 659 Dicimus
1168 615 1235 658 eam

149 691 153 700 '
216 687 357 776 speciem
373 687 603 776 occupationis.
621 685 804 775 Occupatio
821 696 867 750 est
883 707 996 751 rerum
1014 683 1153 762 nullius,
1165 704 1236 768 ergo

215 775 360 860 sequitur
372 825 382 857 ,
396 787 432 838 ut
445 797 557 840 rerum
574 774 614 838 ab
632 774 701 840 aliis
719 773 909 840 amissarum
926 775 1016 849 nulla
1034 773 1076 836 sit
1098 771 1236 836 inventio

207 863 290 929 'talis
301 913 311 944 ,
323 875 361 928 ut
371 886 408 929 ea
420 863 603 930 dominium
614 863 783 950 adquirere
795 863 960 951 possimus.
974 863 1117 942 Nostra,
1129 861 1168 924 de
1178 881 1243 946 qua,

216 953 408 1039 loquimur,
434 953 579 1022 inventio
604 952 649 1016 ita
678 951 844 1017 definitur.
872 952 1031 1018 Ioventio
1056 959 1105 1016 est
1129 972 1236 1013 rernm

221 1041 352 1106 nullius
360 1041 484 1130 velpro
494 1039 660 1108 derelictis
672 1039 871 1106 habitarum
881 1040 1119 1126 adprehensio.
1133 1039 1236 1122 Itaque

219 1141 255 1194 et
267 1130 321 1194 hic
332 1129 508 1218 requiritur
523 1135 567 1194 1⁰.
581 1129 708 1194 animus
718 1127 998 1216 adprehendendi‚
1012 1139 1045 1192 et
1063 1135 1109 1192 2⁰.
1125 1125 1236 1214 adpre-

222 1217 335 1283 hensio
354 1229 427 1283 actu
445 1217 606 1309 corporali
627 1215 721 1284 facta.
737 1217 920 1303 Ergo‚,qui
933 1240 1005 1282 rem
1026 1217 1119 1282 ridet
1137 1215 1237 1305 prior,

227 1329 297 1372 non
310 1305 387 1372 facit
402 1308 503 1374 oculis
514 1328 625 1386 suam,
636 1305 690 1372 scd
702 1305 841 1393 quieam
852 1307 942 1394 prior
954 1305 1130 1392 occupavit
1141 1315 1172 1369 et
1184 1301 1237 1366 ad-

226 1397 411 1484 prehendit.
433 1396 580 1462 Moribus
593 1405 704 1459 tamen
722 1393 811 1484 apud
826 1395 983 1476 Veteres,
996 1415 1091 1481 aeque
1105 1415 1145 1456 ac
1158 1387 1237 1480 apud

223 1504 284 1550 uos
297 1498 465 1574 receptum
479 1497 543 1568 est,
554 1495 592 1551 ut
603 1483 666 1551 hoc
677 1505 753 1548 casu
765 1495 890 1572 partem
902 1483 1086 1571 accipiant,
1107 1481 1165 1568 qui
1174 1477 1239 1545 re'm

185 1585 190 1598 ’
224 1573 386 1641 viderunt.
416 1575 501 1640 Sunt
528 1573 625 1658 hujus
653 1565 947 1662 generisexernpla
975 1571 1066 1661 apud
1090 1582 1237 1636 auctores.

225 1661 368 1730 Phoedr.
383 1663 444 1730 ts.
457 1661 587 1752 Μαι.
603 1663 634 1726 s.

349 1810 466 1868 Invenit
477 1811 577 1866 calvus
589 1809 667 1867 torte
679 1809 711 1864 in
722 1809 810 1866 trivio
821 1807 973 1884 pectinent.
990 1805 991 1808 ’

348 1900 477 1958 Accessit
490 1901 564 1956 alter
577 1917 658 1974 seque
671 1897 801 1956 desectus
813 1899 879 1975 pilis
892 1919 899 1954 :
949 1931 952 1938 ·

252 2029 255 2034 -
349 1989 423 2059 Eia,
440 1989 552 2066 inquit,
566 1989 598 2045 in
611 2007 785 2058 commune,
802 1990 1011 2066 quodcumque
1022 2001 1067 2048 cst
1080 1989 1166 2048 lucri.

124 2197 128 2210 ,
228 2138 419 2224 Sanecocp.
440 2155 499 2202 120
515 2133 665 2218 Quoties
679 2135 812 2222 aliquid
833 2137 966 2216 inveni,
985 2159 1056 2201 non
1071 2146 1233 2223 exspecto,

179 2236 185 2242 ’
202 2305 204 2309 Ι
229 2227 334 2291 donec
347 2224 466 2304 dicos,
482 2224 710 2288 incommune
730 2251 741 2288 .·
762 2225 833 2312 ipse
844 2225 931 2290 mitt
943 2225 1027 2292 dico.
1044 2225 1157 2290 Simile
1170 2221 1239 2311 quid

230 2314 318 2402 apud
335 2313 467 2380 Graecos
488 2311 694 2378 observatum
712 2334 777 2377 esse
796 2313 946 2377 discimus
960 2335 1003 2378 ex
1022 2311 1241 2402 Theophrasti

230 2403 378 2469 charact.
395 2426 423 2466 c.
442 2397 499 2467 24.
516 2401 591 2467 Hoc
610 2401 708 2465 modo
727 2402 834 2487 itaque
852 2413 969 2482 nostrae
984 2401 1069 2483 finnt
1088 2423 1239 2490 gemma,

229 2489 354 2579 lapilli,
378 2489 522 2576 aliaque,
548 2513 620 2576 quse
642 2490 762 2555 nullius
777 2492 813 2556 in
837 2491 981 2556 dominio
995 2492 1094 2558 sunt:
1111 2515 1160 2558 an
1172 2511 1240 2556 vcro

230 2580 336 2644 etiam
354 2577 569 2644 thesaurus?
594 2579 642 2644 Ut
667 2578 767 2644 hanc'
782 2579 990 2666 quaestionem
1012 2580 1241 2667 intelligamus,

231 2666 416 2749 sciendum,
434 2670 478 2731 1⁰.
495 2665 573 2753 quid
586 2667 624 2732 sit
636 2667 826 2733 thesaurus?
847 2677 892 2732 2⁰.
912 2670 967 2734 cui
986 2670 1080 2734 cedat
1097 2671 1113 2734 t
1129 2669 1242 2734 Primo

230 2758 399 2822 thesaurus
412 2766 458 2820 est
472 2767 567 2822 vetus
587 2757 750 2844 depositio
773 2759 945 2846 pecuniae,
966 2760 1062 2847 cajm
1085 2757 1242 2823 nrcmorio

234 2869 304 2912 non
319 2857 439 2910 exstat.
454 2845 543 2909 Hinc
554 2841 731 2934 si'pecunia
747 2845 815 2934 ipsa
826 2869 920 2914 noras
933 2845 1062 2912 fabricae
1075 2849 1139 2926 sit,
1154 2865 1241 2921 sane,

233 2935 322 3023 quod
333 2935 479 3023 reperio,
493 2956 561 2998 non
575 2945 620 2998 est
634 2934 821 2999 thesaurus:
834 2957 893 3000 nee
908 2937 1010 3022 magis
1022 2958 1137 3002 meum
1149 2933 1242 3008 facio,

232 3025 322 3110 quod
336 3024 461 3114 reperio
473 3023 509 3087 in
522 3023 660 3104 aedibus,
678 3023 703 3087 si
716 3023 815 3088 sciam
822 3073 832 3106 ,
845 3047 864 3088 a
877 3047 942 3112 quo
953 3025 1136 3116 dopositum
1150 3023 1197 3088 sit.
1209 3018 1242 3084 Id

127 3147 128 3155 ι
232 3114 322 3178 enim
338 3135 415 3180 vero
431 3113 584 3192 domino,
599 3123 670 3192 aut,
685 3113 710 3176 si
721 3113 825 3200 isjam
844 3113 885 3181 ad
906 3125 1012 3202 patres
1030 3113 1165 3193 abierit,
1183 3111 1242 3197 ejus

233 3199 403 3288 heredibus
424 3203 657 3268 restituendum
679 3213 724 3266 cst
746 3204 888 3266 :sinon
912 3203 1117 3286 restituatur,
1138 3201 1178 3266 ab
1200 3196 1243 3262 his

235 3302 323 3359 tecte
335 3290 536 3373 vindicatur,
551 3291 573 3354 l.
593 3295 650 3378 67,
656 3289 702 3380 ff
723 3291 764 3355 de
780 3293 830 3355 rei
843 3293 1005 3358 vindicat.
1027 3295 1103 3358 Jam
1122 3291 1151 3356 si
1163 3308 1242 3376 quae·

235 3389 328 3444 ratur
346 3381 502 3458 secundo,
531 3378 584 3442 cui
609 3379 775 3446 thesaurus
799 3393 944 3468 repertus
962 3381 1075 3463 cedat,
1096 3403 1163 3446 non
1177 3398 1242 3466 pos·

231 3489 346 3531 sumus
353 3490 421 3532 non
429 3489 571 3556 monere,
579 3467 658 3532 olim
668 3492 704 3532 ea
715 3467 755 3533 dc
766 3491 800 3533 re
813 3469 848 3532 in
860 3469 983 3535 diversa
995 3473 1085 3536 ivisse
1096 3481 1240 3535 auctores.

237 3553 336 3620 Ratio
346 3563 409 3637 cst,
429 3557 504 3642 quia
521 3556 575 3620 alii
591 3557 732 3622 thesauri
744 3558 964 3624 inventionem
982 3561 1021 3624 ad
1035 3551 1241 3646 occupationis

236 3645 377 3732 species,
398 3645 453 3710 alii
474 3645 515 3709 ad
538 3647 655 3733 species
675 3647 859 3712 accessionis
873 3646 1063 3714 referebant.
1078 3645 1177 3714 Priori
1187 3639 1242 3722 adj.

236 3733 315 3798 dicti
332 3735 518 3816 sententiae,
532 3733 721 3800 thesaurum
737 3736 965 3823 adjudicabant
984 3736 1161 3812 intentori3
1173 3729 1238 3818 quit

234 3843 307 3912 quse
328 3823 449 3892 nullius
465 3835 560 3908 sunt,
574 3825 693 3891 cedunt
713 3827 902 3918 occupanti,
922 3829 952 3916 ς.
970 3827 1046 3896 tat.
1063 3825 1129 3914 Qui
1142 3831 1237 3920 poste:

1173 3926 1241 3979 nort
