2756 4504
22 341 24 394 i

178 365 245 434 DE
259 366 364 433 RER.
380 367 480 434 DIV.
496 367 558 434 ΕΤ
574 365 720 453 ADQU.
739 365 849 434 EAR.
862 364 1029 434 DOMIN.
1059 363 1128 453 559·

22 537 23 540 ,
139 471 294 539 Tradunt
318 475 381 540 hoc
409 473 582 540 discrimen
603 475 774 564 scriptores
798 487 939 556 veteres,
965 473 1124 562 Aggenus

22 611 23 634 ἶ
95 555 242 628 Urbicus
262 575 294 629 et
315 563 420 629 Julius
437 563 635 646 Frontinus,
653 565 732 630 item
750 565 887 630 Flaccus
901 565 1049 643 Siculus,
1065 560 1124 648 qui

22 689 23 694 κ
99 647 139 712 de
164 649 287 719 finibus
311 653 521 744 scripserunt.-
544 653 608 718 Sed
634 677 737 740 quum
759 653 806 718 illi
828 655 938 742 paullo
961 652 1126 717 obscurius

22 741 24 756 ⁸
97 733 296 823 loquantur,
309 764 369 808 nec
385 743 452 830 ipsc
470 741 610 808 Grotius
624 743 666 807 de
681 744 717 808 J.
732 741 776 814 B.
794 755 826 807 et
838 744 883 809 P.
898 743 991 820 LII,
1004 767 1033 805 c.
1047 738 1124 816 III,

22 913 23 918 ἵ
97 825 129 908 §
151 830 209 906 16,
232 855 267 894 n.
289 853 301 894 a
309 880 320 910 ,
338 853 409 896 rem
424 830 498 895 satis
516 831 731 913 intellexerit,
748 833 852 896 multo
867 831 1038 896 dilucidius
1049 849 1123 892 eam

22 3439 24 3510 .
103 3408 249 3496 schema.

96 918 250 1003 exposuit
266 919 317 985 vir
331 918 594 1008 incomparabilis
615 921 690 986 Joh.
713 922 768 986 Fr.
790 921 977 985 Gronovius
996 919 1033 984 in
1053 927 1125 980 not.

101 1005 148 1066 ad
177 1005 277 1073 Grot.
303 1009 328 1073 l.
356 1035 384 1073 c.
408 1009 485 1072 lam
506 1030 584 1094 ergo
603 1011 630 1072 si
652 1032 731 1096 agro
752 1009 788 1074 A
809 1008 935 1073 flumen
957 1019 1084 1096 partem
1107 1026 1127 1068 a

96 1095 273 1177 paullatim
292 1117 351 1184 per
369 1097 567 1162 alluvionem
584 1097 753 1182 adjecerit,
764 1121 810 1170 „ea
833 1121 905 1186 pars
921 1097 982 1162 erit
1003 1093 1128 1159 domini
1168 1167 1170 1175 s

98 1182 170 1264 agri
184 1184 220 1246 A
234 1234 244 1266 ,
260 1187 335 1272 quia
354 1207 432 1272 ager
449 1185 505 1250 hic
519 1197 566 1251 est
580 1187 754 1252 arcifinius.
775 1187 834 1250 Sin
848 1208 927 1272 agro
946 1187 973 1250 B
987 1204 1128 1248 accesse-

96 1268 138 1334 rit
157 1293 218 1358 per
233 1274 433 1350 alluvionem
444 1297 519 1362 pars
531 1275 551 1337 b
564 1323 574 1354 ‚
589 1277 645 1342 illa
657 1299 725 1341 non
745 1276 836 1340 cedet
848 1275 981 1340 domiuo
996 1271 1066 1358 agri
1080 1272 1126 1352 B,

98 1357 152 1421 sed
170 1361 237 1425 erit
253 1361 403 1451 publica,
423 1363 498 1449 quia
520 1385 597 1449 ager
611 1365 639 1429 Β
651 1376 698 1430 est
709 1363 885 1445 limitatus,
902 1364 924 1427 i.
943 1385 971 1427 c.
992 1362 1034 1426 ad
1054 1383 1128 1426 cer-

93 1454 163 1513 *tam
174 1471 366 1518 mensuram
377 1451 480 1516 datus.

132 1609 318 1666 Pedetenu'm
328 1623 357 1666 et
367 1610 517 1689 latentem]
533 1613 578 1668 Ita
591 1611 664 1667 Cod.
679 1613 761 1686 Nep.
776 1623 831 1666 art.
840 1606 903 1667 556.

138 1703 299 1780 Tanquam
309 1704 529 1782 accessorium]
547 1707 765 1770 lucrementum
779 1705 872 1763 latens
894 1700 1051 1758 alluvionis
1072 1719 1130 1756 no-

95 1783 140 1841 bis
158 1785 328 1861 acquiritur
344 1787 445 1842 eadem
463 1785 551 1843 cansa
572 1798 601 1842 et
622 1785 783 1860 qualitate,
800 1783 962 1858 eodemque
981 1781 1049 1854 jure
1067 1799 1128 1855 quo
1236 1799 1238 1809 ¹

94 1885 166 1942 ager
178 1879 389 1942 augmentatus
405 1868 444 1924 ad
464 1887 519 1924 nos
536 1866 723 1942 pertinebat;
743 1885 796 1924 nec
818 1865 898 1922 istud
916 1865 1130 1920 incrementum¹

95 1959 236 2006 censetur
263 1969 361 2006 novus
385 1967 475 2025 ager,
501 1950 552 2006 sed
573 1967 642 2024 pars
664 1948 763 2022 primi.
790 1949 987 2014 Mammas,
1010 1945 1053 2000 ad
1077 1955 1128 2024 oet.

95 2029 191 2086 Paris.
217 2031 473 2100 concreaturae,
491 2035 580 2106 gloss.
597 2031 633 2100 5,
653 2051 680 2086 n.
695 2027 750 2087 αὖ.

136 2119 214 2188 Eam
228 2133 372 2198 vindicare
376 2131 503 2210 potest]
524 2133 607 2188 Intra
621 2151 745 2188 aunum.
763 2129 835 2188 θοαὶ.
850 2131 932 2206 Nap.
948 2142 1003 2185 art.
1016 2123 1131 2204 559.-

98 2211 243 2290 Egregius
254 2227 342 2288 poeta
355 2215 496 2270 Dumana
509 2254 518 2282 ,
536 2214 695 2270 alluvionis
706 2213 860 2270 materiam
870 2213 960 2288 quam
973 2209 1132 2267 rectissime

97 2295 234 2354 simulac
247 2297 406 2358 bellissime*
414 2289 587 2370 descripsit,
610 2299 736 2352 Hcmme
750 2297 803 2352 des
815 2294 944 2369 Champs
951 2335 964 2364 ,
979 2291 1024 2350 cla.
1036 2310 1061 2350 a.

137 2380 265 2437 Non-ad
276 2377 441 2456 arnonus]
464 2377 534 2438 cod.
547 2381 630 2452 Nap.
646 2391 700 2435 art.
717 2375 785 2436 558.

475 2529 506 2614 §.
530 2525 742 2598 CCCLIX.

79 2758 85 2772 ,
143 2693 273 2762 Ultima
288 2693 408 2784 species
421 2690 606 2758 accessionis
624 2690 782 2756 naturalis
803 2699 848 2756 est
867 2690 957 2755 alvei
969 2689 1132 2770 mutatio,

99 2783 132 2868 §-
155 2781 251 2862 356,
271 2805 343 2870 quac
357 2783 396 2848 lit
406 2832 416 2865 ,
433 2779 566 2870 quando
580 2777 707 2846 ilumeu
724 2802 850 2847 novum
870 2779 932 2842 iter
951 2777 1082 2865 suscipit
1092 2781 1135 2839 'et

101 2873 247 2960 priorem
265 2875 396 2938 alveum
414 2872 539 2936 siccum
559 2870 712 2935 destituit.
727 2871 826 2936 Tunc
850 2867 940 2932 enim
954 2865 1134 2954 quaeritur,

93 2961 174 3048 quis
193 2962 325 3027 alveum
339 2961 466 3026 siccum
483 2972 515 3026 et
529 2959 727 3024 'derelictum
747 2958 881 3048 capiat?
904 2957 1003 3044 Resp.
1029 2953 1135 3018 luris-

104 3052 243 3116 consnlti
254 3053 385 3117 alveum
397 3051 485 3115 bunc
499 3049 618 3116 iterum
633 3048 836 3113 considerant
850 3049 1021 3132 tamquam
1033 3065 1136 3108 acces·

103 3141 229 3204 soriurn
247 3153 411 3205 terrarum
428 3140 670 3229 proximarum.
691 3139 781 3226 Ergo
805 3139 900 3203 illum
923 3136 1007 3200 inter
1028 3149 1061 3198 se
1082 3132 1136 3197 di*

104 3230 224 3294 vidunt
257 3253 445 3318 possessores
474 3250 631 3314 agrorum
650 3228 896 3384 lproximorum
952 3247 991 3290 ro
1019 3245 1135 3288 eorum

104 3320 216 3382 modo.
231 3319 275 3384 L.
285 3341 331 3412 7,
351 3321 382 3406 ὃ.
402 3324 427 3385 a'
437 3369 449 3401 ,
457 3317 505 3410 ff
524 3318 565 3384 de
581 3318 630 3389 A.
686 3364 696 3386 .
712 3317 760 3386 D.
780 3318 868 3385 Rem
884 3313 1057 3383 illustrabit
1070 3313 1134 3380 hoo

626 3475 630 3482 ι
