2646 4496
133 295 983 421 ommnnouoauss.nannou'ross.
1010 325 1069 395 141

16 502 18 515 ,
72 435 152 504 dandi
165 442 256 508 deest.
273 444 359 508 Etsi
381 445 450 530 quis
474 466 517 508 ex
537 443 578 510 30
598 439 696 508 servis
711 451 772 504 tres
790 433 998 521 manumisit,
1016 437 1074 502 iis-

15 530 19 561 '
71 547 122 611 qne
137 533 334 596 manumissis
348 544 415 596 tam
430 533 572 622 locuples
586 542 716 608 manet,
732 543 768 593 nt
783 527 994 594 creditoribus
1010 525 1074 591 sol·

70 635 131 681 vere
145 621 259 707 possit,
275 623 382 686 denuo
395 622 478 685 nihil
492 623 588 707 egisse
603 631 749 684 censetur
762 620 796 684 in
812 617 959 684 fraudem
974 613 1075 680 credi·

13 730 15 747 ’
70 713 162 772 torum
172 733 182 792 ς
194 711 271 798 quia
283 711 410 776 effectus
422 733 489 775 non
502 723 655 798 sequutus
666 722 726 794 est,
735 711 756 775 i.
772 733 800 774 e.
815 709 891 798 quia
904 706 1078 774 creditore·

12 800 13 810 ’
69 795 210 863 damnum
221 823 290 868 non
305 812 482 866 senserunt.

322 907 565 1045 e'oxvur
587 970 618 1022 a
641 957 794 1023 cxrx.

103 1117 183 1204 (Ill.)
198 1120 393 1188 Hincfacile
408 1133 514 1209 patet,
530 1143 680 1208 quaenam
694 1120 899 1210 exceptiones
913 1121 1010 1208 hujus
1023 1145 1077 1189 re·

68 1207 137 1292 gulae
149 1206 294 1276 inerint?
311 1211 410 1300 Resp.
432 1211 531 1294 Binae.
556 1209 644 1275 Nam
666 1213 715 1274 1⁰.
735 1211 760 1274 si
779 1209 851 1298 quis
871 1230 904 1274 se
924 1211 1076 1278 ditiorem

71 1300 175 1382 putarit
190 1311 222 1363 et
245 1320 379 1366 servum
401 1299 484 1364 bona
507 1299 570 1364 fide
592 1299 817 1366 manumiserit
829 1348 839 1381 ,
856 1300 885 1364 ei
907 1301 1079 1386 ignoscen-

68 1383 133 1448 dum
145 1399 199 1452 est.
215 1389 258 1452 Et
271 1391 338 1454 huc
351 1389 490 1478 pertinet
505 1389 633 1476 elegans
648 1388 760 1476 regula
774 1415 783 1453 ε
797 1389 895 1476 Soepe
911 1391 952 1454 de
958 1388 1077 1477 facul·

70 1473 178 1539 tutibus
190 1478 264 1542 ersis
282 1479 451 1565 amplius,
470 1501 577 1565 quam
595 1479 641 1542 in·
652 1477 695 1543 iis
717 1489 782 1556 est,
804 1490 946 1565 sperant
962 1481 1077 1556 homi-

70 1583 134 1642 nes,
151 1567 180 1650 5.
196 1569 239 1646 3,
256 1568 346 1632 Inat.
364 1567 397 1632 Ιι.
412 1577 435 1632 t.
455 1567 553 1652 Quod
568 1567 800 1635 mercatoribus
814 1567 1002 1653 contingere
1016 1591 1078 1658 po-

12 1728 15 1737 ,
68 1659 133 1732 test,
152 1661 295 1740 qu'orum
314 1653 489 1741 negotiatio
509 1655 672 1720 rnan'tima
691 1655 735 1720 ita
759 1668 947 1744 comparata
961 1670 1026 1739 est,
1042 1669 1080 1724 ut

11 1797 12 1824 ,
68 1761 122 1803 uno
140 1755 234 1809 rento
258 1746 314 1809 alii
337 1767 516 1834 pauperes,
539 1745 594 1808 alii
614 1743 695 1808 fiant
719 1745 858 1812 ditiores.
881 1755 930 1810 2⁰.
953 1746 988 1810 Si
1006 1749 1081 1835 quis

11 1825 12 1898 l
68 1849 157 1894 unum
177 1854 312 1900 servum
333 1833 522 1898 manumisit
539 1843 730 1898 testamento
745 1834 906 1921 simulque
925 1833 1080 1901 heredem

11 1905 12 1936 ¹
69 1914 208 2002 nstituit,
232 1925 265 1988 ei
283 1923 529 2010 ignoscendum.
554 1921 652 1987 Ratio
673 1921 770 2009 hujus
792 1921 990 2011 exceptionis
1010 1925 1080 1991 hoec

68 2018 112 2069 est.
128 2009 386 2096 ignominiosum
402 2011 572 2078 videbatur
594 2011 770 2086 Romanis,
793 2009 937 2076 defuncti
959 2011 1043 2082 bona
1061 2036 1081 2080 a

12 2100 17 2174 t
71 2099 266 2166 creditoribus
272 2113 342 2190 post
352 2110 493 2166 mortem
501 2099 596 2166 vendi
608 2121 645 2163 ac
658 2099 801 2165 distrahi.
815 2100 894 2168 Vid.
907 2101 975 2167 Cic.
991 2114 1079 2168 orat.

12 2186 19 2307 ι
69 2206 121 2267 pro
140 2189 182 2254 P.
202 2191 341 2276 Quinct.
364 2216 393 2256 c.
418 2197 469 2255 15.
490 2191 578 2254 Hinc
602 2187 739 2269 licebat,
767 2209 897 2255 servum
915 2191 1082 2258 instituere

13 2310 19 2352 ς
71 2272 226 2361 heredem,
245 2282 303 2367 qui
319 2292 398 2345 tunc
418 2279 593 2344 necessario
609 2289 679 2343 erat
697 2279 804 2360 heres,
822 2291 854 2344 et
871 2281 954 2346 nihil
972 2291 1083 2348 tamen

14 2429 15 2444 ,
72 2385 104 2426 ex
114 2365 286 2434 hereditate
297 2369 644 2448 lucrabatur,„tantum
655 2379 692 2431 ut
704 2367 787 2433 bona
800 2391 865 2434 non
878 2369 937 2435 sub
949 2372 1082 2438 nomine
1173 2409 1176 2418 ·

14 2483 15 2541 ᾗ
71 2450 215 2540 defuncti,
230 2459 286 2522 sed
304 2459 365 2522 sub
384 2453 516 2523 nomine
533 2458 616 2523 servi
633 2459 757 2524 heredis
771 2459 906 2524 instituti
921 2460 1082 2528 distrahe-

13 2607 15 2634 3
70 2555 188 2631 rentur,
206 2560 240 2615 et
255 2549 297 2612 ita
313 2559 501 2638 parceretur
515 2544 611 2612 femoe
626 2545 781 2612 defuncti.

475 2698 659 2786 pexa

107 2849 257 2940 Sequitur
270 2873 306 2916 ca
333 2862 369 2916 nt
376 2851 572 2938 posterius,
589 2871 655 2936 quo
669 2861 804 2915 cautum
819 2848 911 2916 fnisse
925 2851 1082 2938 diximus,

70 2958 103 3000 ne
119 2941 227 3008 minor
242 2941 279 3006 X
320 2986 328 3002 .
350 2940 442 3004 annis
456 2939 685 3004 manumittere
699 2951 823 3026 posset,
838 2941 897 3004 nisi
912 2941 1084 3012 observatis

71 3028 253 3112 quibusdam
266 3023 513 3094 conditionibus.
534 3033 577 3093 1⁰.
594 3030 711 3092 Caussa
729 3027 827 3112 hujus
846 3029 923 3114 legis
938 3043 984 3094 est
998 3031 1086 3102 fraus

13 3111 15 3214 l
71 3137 250 3202 terronam,
274 3119 351 3208 qni,
375 3118 400 3184 si
424 3119 521 3182 herus
543 3115 649 3182 adhuc
672 3129 751 3182 esset
769 3117 972 3206 adolescens,
993 3124 1023 3185 ei
1042 3127 1084 3192 ad

13 3215 16 3342 Ι
70 3203 205 3296 impuros
222 3231 327 3274 mores
344 3207 483 3295 aliasque
507 3206 584 3273 volu
609 3217 688 3271 tates
707 3206 895 3288 adjumento
916 3222 1031 3292 erant,
1054 3227 1086 3284 et

73 3294 175 3365 deinde
193 3297 321 3390 paternii
341 3297 412 3362 loco
429 3295 487 3360 sibi
503 3230 740 3385 stipulabantur
757 3295 958 3379 libertatem
976 3304 1085 3386 qualia

14 3415 16 3486 3
72 3389 212 3477 exempla
228 3401 305 3452 sunt
317 3387 404 3474 apud
423 3385 593 3452 Plautum
606 3395 638 3450 et
657 3385 866 3452 Terentium.
887 3388 1002 3473 Quum
1023 3415 1085 3463 au-

14 3489 16 3530 t
71 3483 130 3540 tem
142 3477 186 3542 ita
205 3478 246 3541 ad
268 3477 492 3566 paupertatem
509 3474 731 3560 redigerentur·
750 3474 894 3556 domini,
917 3479 1088 3565 Augustus
1120 3523 1131 3542 .

71 3585 130 3630 non
143 3589 249 3655 passus
263 3578 327 3647 est,
339 3568 473 3654 juvenes
485 3563 568 3628 XX.
583 3566 675 3628 annis
685 3564 826 3630 minores
839 3571 1086 3650 manumittere,

72 3655 125 3719 nisi
146 3656 276 3722 servatis
300 3654 393 3719 certis
423 3653 672 3720 conditionibus.
695 3654 758 3718 Ast
781 3677 933 3742 quaenam
955 3667 999 3722 2⁰0
1022 3660 1086 3726 itta

73 3745 285 3810 conditiones?
309 3744 407 3894 Resp.
432 3741 480 3830 (a)
505 3743 554 3808 Ut
574 3743 782 3807 manumissio
803 3743 893 3810 ficiet
921 3747 1087 3833 vindicta,

74 3836 140 3924 quia
153 3837 193 3900 sic
208 3833 278 3899 fieri
292 3831 370 3900 debe
394 3843 427 3895 st
443 3853 554 3901 coram
568 3831 760 3918 magistratu
775 3833 856 3920 (vid.
873 3836 903 3920 ἕ.
926 3857 997 3900 roo.
1009 3837 1022 3922 )
1031 3889 1041 3919 ,
1056 3851 1089 3910 et

75 3929 265 4016 magistratus
289 3925 331 3990 ita
354 3943 498 3989 caussam
520 3916 711 4008 ‘cognoscere
737 3933 885 4014 poterat,
907 3945 949 3988 an
971 3945 1092 4010 ananau,p

16 4063 18 4104 l
