2644 4504
283 355 350 425 554
578 353 748 423 atsur
770 357 829 438 11,
853 357 961 424 rrr.
982 355 1013 421 1.
1046 383 1050 390 ·

281 469 428 532 diximus
447 468 499 534 rel
515 489 727 546 communes,
749 467 803 532 rel
825 466 985 556 publices,
1002 467 1059 530 vel
1078 465 1297 547 universitatis,

284 558 338 621 vel
351 557 557 642 singulorum
571 579 626 622 seu
639 558 792 644 privatus.
812 557 868 626 De,
886 555 1139 635 communibus,
1162 555 1299 644 publicis,

283 645 500 712 universitatis
508 646 602 710 rebus
611 645 756 710 diximus
768 672 777 708 τ
789 645 868 732 quid
874 667 952 709 vero
962 657 1041 708 sunt
1052 667 1106 710 nes
1116 645 1300 730 singulorum

283 755 342 800 seu
346 735 513 822 privutoe?
522 736 620 822 Resp.
628 755 706 822 quoe
716 745 799 798 runt
812 735 851 800 in
862 720 1089 822 singularum
1095 736 1307 818 palrinwnin,

284 824 351 889 sire
365 845 459 904 vere,
481 825 531 911 (si
543 825 611 888 scil.
624 846 674 888 res
684 844 760 888 vere
772 836 805 888 et
818 835 894 887 actu
907 823 1087 888 dominum
1099 824 1219 886 babent
1228 827 1240 910 )
1250 817 1307 898 sirei

285 935 347 1002 per
359 911 540 994 fictionem,
549 915 562 1000 (
569 913 692 998 quoties
701 913 775 999 jura
787 912 936 998 lingunt,
948 935 1020 976 rem
1033 913 1070 976 in
1083 913 1229 976 dominio
1239 907 1307 993 esui

286 1022 393 1089 quum
415 1003 547 1082 nullum,
573 1002 745 1066 domiuum
769 1001 917 1086 habeut)
941 1025 970 1066 e.
986 1023 1020 1088 g.
1048 1001 1188 1079 dumus,
1204 995 1307 1089 prata,

285 1092 375 1156 horti
387 1093 581 1179 plerumque
596 1091 717 1156 habeut
730 1091 879 1155 dominos
889 1113 980 1170 suos,
992 1092 1145 1178 adeoque
1160 1111 1231 1154 vere
1243 1099 1300 1152 suut

286 1181 323 1244 iu
344 1181 541 1268 patrimonio
558 1181 762 1268 privatorum
779 1181 831 1244 vel
849 1182 1071 1266 singtdorum.
1093 1181 1145 1244 At
1166 1177 1298 1244 hereditas

284 1270 396 1356 jacens
409 1291 484 1334 vere
496 1281 530 1334 et
542 1281 618 1332 actu
632 1291 700 1332 uon
713 1280 758 1333 est
773 1269 809 1332 in
831 1269 989 1333 duminio.
1011 1270 1171 1334 Testatur
1182 1267 1258 1334 enirn
1269 1266 1297 1328 nd

287 1367 397 1514 patres
412 1359 490 1423 abiit
497 1408 507 1438 ,
533 1359 677 1444 adeoque
697 1368 803 1423 morte
823 1359 892 1438 ejus
911 1359 1104 1422 dominium
1123 1355 1294 1446 exspiravit:

313 1471 380 1512 eres
394 1448 556 1512 institutus
573 1449 670 1512 etiarn
687 1447 837 1511 noudum
848 1459 894 1512 est
908 1447 1085 1526 dominus,
1102 1449 1179 1534 quia
1195 1443 1307 1520 heredi,

287 1545 389 1602 tatem
404 1538 539 1602 demum
555 1537 696 1622 adquirit
708 1559 766 1624 per
777 1537 965 1600 aditibuem.
989 1537 1081 1625 Ergo
1097 1535 1249 1602 hereditas
1257 1523 1307 1616 jul

288 1647 364 1690 cens
387 1649 464 1692 vere
486 1638 532 1691 est
550 1625 692 1704 nullius,
707 1627 729 1690 l.
749 1649 783 1704 t,
804 1650 859 1712 pr.
865 1624 912 1716 ff
933 1625 966 1690 Ιι.
985 1637 1009 1690 ι.
1018 1675 1031 1706 ,
1047 1637 1083 1690 et
1106 1622 1292 1690 nihilomiuus

256 1717 259 1720 ’
287 1725 400 1780 temen
427 1717 499 1799 jure
530 1715 643 1778 dicunt
653 1764 663 1793 ,
675 1725 758 1778 ‘eum
784 1717 938 1780 sustinere
964 1737 1143 1804 ρεηοηαω
1163 1709 1294 1788 defuncti,

288 1807 312 1870 i.
334 1827 364 1869 e.
376 1805 525 1890 lingunt,
543 1803 733 1868 delimctum
745 1803 852 1869 adbuc
864 1817 927 1870 ase
938 1826 1052 1869 rerum
1068 1804 1206 1868 istarum
1217 1797 1297 1862 duni·

287 1915 388 1972 num,
405 1905 509 1980 quum
536 1892 686 1973 domiuus
709 1915 777 1956 uon
798 1894 855 1971 sit,
865 1917 922 1980 pr.
938 1895 1056 1960 laedit.
1079 1893 1124 1958 de
1138 1894 1216 1976 stip.
1231 1909 1294 1950 serv·

289 1983 434 2069 adeoque
443 1983 601 2048 hereditas
606 1984 716 2070 jacens
722 1994 767 2046 est
776 2003 824 2047 res
833 1983 961 2069 privetu
970 1983 1023 2048 vel
1037 1985 1073 2048 iu
1084 1981 1204 2070 privati
1218 1973 1296 2064 patti-

287 2071 403 2145 monio
417 2073 519 2160 posita
539 2093 598 2160 per
615 2071 794 2137 fictionem.
814 2071 895 2134 Inde
908 2082 973 2157 est,
997 2071 1110 2158 quod,
1136 2070 1192 2155 qui
1204 2087 1240 2128 er
1252 2063 1295 2125 he·

290 2161 428 2225 reditste
444 2158 567 2247 aliquid
588 2159 762 2248 surripuit,
786 2181 854 2224 non
873 2160 1006 2246 quidem
1030 2159 1167 2248 proprie
1188 2154 1236 2219 fur
1252 2153 1295 2250 sit,

290 2251 369 2336 quia
385 2272 454 2314 non
470 2249 633 2314 subtraxit
653 2273 726 2314 rem
742 2249 895 2319 alienam
907 2261 939 2313 et
957 2249 1066 2314 invita
1081 2247 1236 2319 domino,
1255 2259 1295 2324 qut

290 2339 402 2403 nullus
413 2349 459 2403 est
475 2365 483 2402 ι
499 2339 576 2425 quia
589 2349 702 2403 tamen
716 2361 776 2428 pet·
791 2338 956 2402 fictionem
972 2337 1134 2402 hereditas
1147 2349 1296 2422 represen-

292 2437 340 2489 tat
351 2449 522 2514 personam
534 2425 697 2505 defuncti,
723 2428 818 2508 hine,
841 2429 895 2514 qui
908 2427 1031 2513 aliquid
1044 2425 1221 2499 subtraxit,
1237 2415 1296 2514 dici·

291 2515 349 2578 lut·
374 2517 541 2601 expilasse
563 2515 804 2594 hereditatem,
822 2515 861 2580 de
886 2539 952 2603 quo
976 2517 1116 2580 crimine
1139 2504 1295 2578 extraordi-

290 2605 385 2670 nario
392 2605 561 2691 singularis
569 2605 682 2669 titulus
693 2617 798 2670 exstat
809 2606 844 2669 in
855 2603 888 2668 ff.
909 2605 985 2668 Vid.
999 2605 1022 2670 l.
1034 2605 1080 2671 68
1088 2656 1100 2685 ,
1103 2601 1153 2694 ff
1166 2595 1294 2686 defini,

292 2693 317 2758 l.
330 2689 354 2758 4
364 2742 377 2772 ,
387 2693 435 2784 ff.
454 2695 557 2782 expil.
570 2693 683 2759 dered.

328 2849 541 2908 Hereditatem
555 2849 701 2922 jacentem
722 2847 866 2906 sustinere
882 2850 975 2906 vicem
988 2848 1123 2908 defuncti
1132 2845 1241 2919 fingunt
1251 2835 1293 2926 ‘ll'

294 2932 483 3012 riscqnsulti3
497 2951 534 2988 ne
546 2971 555 3000 ,
567 2933 592 2988 si
603 2932 784 3008 hereditates
801 2931 929 3002 jacentes
949 2933 1035 3006 plane
1053 2931 1135 2987 extri
1157 2921 1293 2982 domuum

293 3033 356 3072 esse
380 3027 596 3086 censerentur,
620 3012 745 3089 quilibet
772 3013 827 3072 sibi
850 3025 980 3075 sumeret
999 3013 1147 3071 licentiam
1170 3007 1227 3062 ill2⁵
1251 3009 1292 3070 ΡΓο

292 3096 417 3162 arbitrio
438 3097 596 3172 erpilaudi.

646 3239 686 3324 s.
721 3231 960 3332 cccxxx,

298 3419 306 3430 ’
341 3403 493 3492 Superest
501 3402 624 3490 duplex
636 3403 749 3468 divisio
758 3423 871 3466 rerum
885 3404 923 3468 in
937 3405 1091 3490 mancipi
1103 3409 1135 3466 e't
1145 3417 1202 3463 nee
1211 3403 1290 3454 man·

295 3493 384 3580 cipi,
404 3513 465 3556 uec
478 3513 545 3556 uun
555 3495 591 3556 in
602 3493 792 3578 corporales
801 3493 1083 3581 etineurporales.
1097 3489 1157 3556 Sed
1168 3482 1287 3574 priorem

295 3579 486 3648 divisionem
509 3582 635 3646 sustulit
655 3581 853 3646 lastinianus
865 3583 901 3646 in
924 3582 947 3649 l.
970 3603 1029 3646 nn.
1052 3579 1142 3647 ade
1158 3583 1215 3640 vet·
1228 3563 1286 3666 lits·

301 3671 427 3753 Quirit.
442 3671 512 3735 solt.
526 3671 577 3735 De
588 3673 763 3760 posteriore
776 3673 871 3754 titulo
888 3673 1022 3737 demum
1035 3677 1180 3760 sequente
1193 3663 1286 3744 agllfll·

296 3759 386 3844 Ergo
404 3760 458 3824 hic
479 3771 652 3848 utramque
676 3761 865 3829 divisionem
880 3783 1042 3850 possemus
1058 3759 1207 3844 omittere·
1221 3743 1285 3834 Qud

297 3859 410 3916 umen
433 3849 545 3932 divisio
571 3851 661 3938 prior
681 3874 750 3920 nou
769 3851 903 3938 quidem
923 3841 1285 3934 insom,sedtnm0¹1¹¹¹

297 3937 422 4006 theoria
447 3962 513 4008 usu
528 3961 600 4006 uon
617 3942 714 4030 plane
737 3941 942 4028 destituitur,
960 3943 1037 4009 hino
1051 3941 1090 4007 sle
1109 3937 1163 4004 'illa
1185 3931 1286 3995 tentum

1155 4204 1164 4251 ἑ

1154 4254 1191 4369 l

1177 4372 1191 4413 '-

1131 4440 1133 4442 .
1148 4418 1204 4443 ...m
