2730 4504
223 309 291 384 asa
490 321 664 390 trusa
692 321 756 406 11,
784 319 894 391 rtr.
924 323 999 390 rx.

225 431 322 496 nium
334 441 367 496 et
381 431 625 500 usumfructum
640 434 756 500 hahent
771 447 882 524 pater,
896 447 1010 526 posset¹
1019 430 1133 522 aliquis
1148 428 1253 499 existi-

228 543 339 601 mare,
357 522 439 588 illud
454 524 551 613 plane
574 524 689 590 inutile
710 545 774 590 esse
791 525 868 592 filio.
892 525 955 592 Sed
974 523 1177 613 respondeo,
1199 519 1253 584 ali-

229 633 333 698 quam
349 623 459 678 tamen
476 613 544 680 lilio
558 636 719 704 superesse
734 613 908 682 utilitatem
924 667 933 696 ,
956 625 989 681 et
1005 615 1137 704 quidem
1153 609 1256 698 dupli·

200 727 205 736 ¹
230 723 315 766 cem.
331 700 422 767 Nam
439 718 487 769 1⁰.
501 704 526 769 si
550 717 643 793 pater
656 703 812 770 delictum
827 717 896 771 tam
914 727 1049 772 enorme
1062 702 1213 781 admisit,
1226 708 1257 760 ut

232 789 319 855 bona
330 792 400 872 ejus
414 795 525 860 omnia
540 794 769 882 publicentur,
784 795 837 862 vel
850 795 928 860 fisco
940 795 1154 872 addicantur,
1171 788 1259 878 quale

233 881 313 968 quid
340 881 520 949 hodienum
535 883 608 950 fieri
627 884 726 965 solet,
748 885 774 949 si
788 884 860 974 quis
872 885 1018 950 criminis
1038 876 1261 975 perduellionis

234 971 287 1035 vel
313 970 395 1037 lace
413 973 587 1060 majestatis
603 973 860 1056 condemnetur,
880 975 902 1039 l.
919 981 961 1054 5,
981 976 1020 1041 0.
1041 974 1090 1039 ad
1104 971 1173 1058 teg.
1195 966 1261 1033 Jul

235 1061 321 1126 mai.
344 1073 422 1127 tunc
441 1063 509 1130 filio
524 1086 593 1128 non
607 1062 753 1129 aufertur
770 1063 834 1130 hoc
854 1065 1041 1153 peculium,
1055 1059 1207 1151 quamvis
1218 1055 1261 1122 iti·

236 1150 313 1215 dem
333 1151 374 1215 ad
392 1152 478 1218 bona
490 1165 626 1242 paterna
639 1154 814 1242 pertineat,
834 1153 858 1218 l.
879 1157 910 1234 ⁰,
925 1155 956 1239 §.
973 1151 1016 1233 4,
1022 1151 1069 1242 ff
1085 1153 1129 1218 cle
1142 1151 1261 1216 minor.

237 1249 289 1305 2⁰.
310 1239 345 1304 si
366 1253 457 1332 pater
469 1241 577 1308 lilium
591 1243 793 1333 emancipet,
814 1244 908 1331 eique
930 1244 1012 1308 illud
1027 1242 1196 1331 peculium
1211 1258 1264 1302 ex-

237 1351 345 1419 presse
359 1353 426 1395 non
443 1332 587 1414 adimat3
606 1333 694 1420 quod
708 1346 813 1423 potest
823 1355 918 1414 sane,
931 1336 958 1400 si
969 1333 1046 1400 velit
1064 1359 1072 1398 ι
1087 1343 1171 1396 tunc
1193 1324 1264 1395 illud

239 1419 340 1508 pleno
351 1421 425 1506 jure
438 1420 507 1488 lilio
519 1423 714 1511 adquiritur.
737 1423 759 1489 l.
773 1427 831 1508 31,
847 1426 878 1511 S.
891 1446 912 1491 2
923 1473 935 1505 ,
938 1423 985 1514 ff
998 1423 1040 1492 dc
1055 1423 1177 1489 donat.

364 1589 395 1680 §-
426 1587 721 1656 CCCCLXXX
747 1601 779 1656 et
806 1586 1144 1666 CCCCLXXXI.

289 1749 399 1816 Multo
410 1750 520 1818 utilius
534 1749 603 1818 lilio
611 1763 657 1818 est
666 1737 833 1844 peculium
843 1749 1076 1833 adventitium,
1086 1747 1127 1815 de
1138 1769 1206 1836 quo
1214 1765 1268 1809 no·

242 1839 344 1904 tanda
361 1861 429 1926 reg.
452 1841 514 1905 Ill.
530 1842 666 1908 Peculii
688 1843 871 1909 adventitii
886 1842 1079 1930 proprietas
1099 1833 1268 1906 ordinarie

239 1925 491 2018 panaefilium,
500 1931 1133 2019 ususfructusetadministrutiopenes
1140 1938 1269 2012 patrem

245 2027 308 2084 est.
332 2020 363 2104 §.
382 2042 416 2100 r,
433 2021 521 2087 lust.
543 2023 576 2088 h.
599 2033 623 2086 t.
646 2023 736 2109 Ergo
759 2022 814 2088 hic
843 2021 1005 2088 ordinarie
1030 2018 1156 2107 aliquid
1182 2011 1270 2081 habet

244 2120 360 2198 pater,
377 2131 497 2200 nempe
512 2108 753 2182 usumfructum
765 2122 797 2178 et
810 2107 1124 2178 administrationem
1138 2097 1272 2191 :aliquid

245 2198 347 2263 etiam
362 2198 469 2282 filius,
485 2224 603 2291 nempe
619 2201 862 2292 proprietatem.
877 2201 930 2266 Sic
944 2223 973 2266 e.
990 2222 1023 2287 g.
1037 2199 1064 2264 si
1079 2198 1165 2289 lilius
1184 2193 1272 2262 habet

247 2288 332 2353 bona
348 2301 497 2358 materna
515 2312 623 2358 20000
637 2290 711 2357 flor.
727 2303 759 2356 et
774 2290 850 2356 iude
863 2287 1038 2378 quotannis
1050 2310 1160 2354 usurae
1175 2277 1273 2378 perci·

246 2377 383 2470 piantur
402 2401 487 2447 1000
506 2381 581 2447 flor.
604 2381 676 2448 illas
702 2402 815 2446 usuras
827 2379 986 2470 percipiet
1000 2389 1113 2470 pater,
1128 2377 1199 2467 ipsa
1216 2389 1276 2436 sors

250 2488 362 2534 uoooo
376 2467 451 2534 flor.
470 2471 530 2536 filii
550 2472 707 2536 manebit.
727 2470 901 2550 Diximus,
912 2469 1090 2537 ordinarie
1102 2467 1148 2532 ita
1165 2485 1197 2533 se
1212 2478 1275 2527 rem

250 2557 391 2640 habere,
406 2582 487 2626 nam
499 2560 675 2649 aliquando
689 2561 782 2626 aliter
794 2583 827 2626 se
840 2558 949 2625 hahet.
964 2559 1008 2623 Et
1020 2559 1099 2623 hinc
1117 2551 1275 2647 peculium

249 2647 315 2715 hoc
334 2647 551 2720 adventitium
573 2649 729 2717 dividitur
750 2649 786 2714 in
811 2648 1077 2714 ordinarium.
1102 2641 1276 2735 regulare»

252 2739 387 2827 quando
401 2739 487 2809 filius
497 2739 749 2845 proprietatem,
764 2749 858 2828 peter
868 2735 1113 2804 usumfructum
1124 2733 1221 2800 habet
1231 2753 1238 2833 ξ
1249 2731 1276 2788 el

250 2829 571 2898 extraordinarium
590 2853 616 2895 s.
643 2829 859 2918 irregulare,
884 2825 1017 2915 quando
1042 2826 1128 2891 filius
1151 2837 1275 2917 amula>

251 2929 347 3010 pater
360 2920 442 2986 nihil
455 2920 563 2986 habet.
585 2919 661 2985 Hoc
678 2917 839 3004 contingit
853 2918 908 2985 IV
919 2915 1066 2984 casibus:
1089 2921 1135 2981 1⁰.
1156 2912 1182 2976 si
1202 2905 1278 2973 fihus

251 3022 410 3076 renuente
423 3022 517 3101 patre
531 3008 743 3076 hereditatem
757 3007 857 3083 aditu
873 3015 919 3071 2⁰.
933 3005 959 3070 si
970 3004 1039 3071 filio
1048 3027 1086 3069 ea
1100 2996 1275 3097 conditione

253 3097 415 3178 donatum
430 3101 482 3167 vel
496 3102 657 3188 legatum,
668 3110 706 3164 ut
717 3097 800 3164 nihil
814 3095 943 3162 indeed
956 3105 1085 3184 patrem
1099 3092 1278 3183 pervcultll

255 3189 301 3255 5⁰.
317 3188 343 3254 si
355 3203 448 3280 pater
458 3203 491 3256 et
502 3189 587 3255 filius
600 3189 664 3254 siut
672 3187 844 3253 coheredes
854 3236 862 3265 ,
873 3185 961 3272 quod
973 3181 1153 3268 contingit,
1166 3185 1277 3265 quoties

255 3279 372 3368 uliquis
385 3280 528 3346 moriens
541 3281 649 3344 nullos
658 3278 794 3357 liberos,
807 3275 862 3340 sed
877 3286 1005 3362 patrem
1017 3283 1049 3337 et
1060 3271 1193 3336 fratrem
1209 3281 1276 3348 get·

254 3391 393 3436 manum
409 3370 575 3458 relinquit.
594 3371 631 3434 E.
648 3389 680 3455 g.
701 3366 861 3432 moriente
878 3363 1020 3429 secundo
1042 3361 1174 3427 heredes
1191 3355 1279 3447 crull

255 3471 350 3552 pater
357 3509 368 3546 ,
378 3459 524 3553 primus3
538 3471 571 3526 et
580 3457 681 3528 frater
692 3477 886 3546 germanus,
897 3452 1029 3533 tertius3
1043 3450 1112 3518 etsi
1122 3445 1277 3535 reliquant

718 3610 804 3770 u

714 3761 854 3860 20205

259 3909 730 4022 uooouu01.pateraccipiet
741 3916 977 4009 10000,frater
984 3917 1278 4009 germanusroooc·
