2644 4504
149 385 216 454 524
448 391 614 461 cicun
641 394 703 475 11,
731 371 890 458 rint

148 515 365 583 muneranda
376 539 440 583 esse
450 519 522 583 Deo
535 519 587 584 rel
597 520 722 586 Sanctis
736 542 756 582 a
770 516 977 607 pontificibus
997 527 1028 581 et
1046 516 1178 604 episco-

141 604 218 692 pis,
239 618 272 669 et
292 618 374 671 tunc
393 607 464 672 lieri
482 631 593 690 sacra,
612 611 703 696 quasi
720 630 790 672 uon
807 607 990 696 promiserit
1007 605 1177 684 Christus,

145 705 326 760 venturum
338 707 481 784 tempus,
493 697 550 761 ubi
573 721 635 764 nec
658 697 893 784 Hierosolymis
915 719 976 760 nec
1000 695 1035 758 iu
1059 705 1176 758 monte

146 779 294 847 Gerizim
316 784 481 850 adoraturi
501 787 601 852 simus
611 787 812 870 Dominum,
828 785 887 856 sed
904 784 1024 872 ubique
1046 795 1177 848 unctas
1228 810 1234 817 ’

145 890 263 936 manus
273 873 385 954 tollere
395 877 565 964 possimus.

528 1037 561 1121 ς.
590 1031 792 1101 cccxv.

197 1191 355 1260 Vidimus
380 1217 494 1260 rerum
519 1215 685 1260 sacrarum
704 1185 929 1258 ¹definitionem
955 1219 965 1256 ε
988 1203 1178 1279 sequuntur

137 1277 218 1368 jura
232 1281 437 1348 earumdem.
452 1283 618 1348 Nimirum
630 1283 706 1348 inde
717 1281 943 1347 Iurisconsulti
954 1280 1177 1367 colligebant,

82 1411 123 1438 .-
146 1378 192 1436 ι’.
203 1393 253 1436 rea
265 1395 369 1437 sacras
381 1373 417 1438 in
428 1373 551 1437 nullius
563 1371 653 1437 bonis
664 1371 776 1452 ested.
791 1394 825 1452 r,
833 1394 890 1458 pr.
904 1370 927 1434 ἱ.
943 1374 984 1450 6,
997 1371 1063 1455 §.2
1072 1370 1130 1450 ,lu
1145 1382 1175 1436 t.

143 1457 207 1524 Per
220 1462 494 1528 consecrationem
511 1461 599 1527 euim
615 1460 791 1526 hominum
810 1459 956 1524 dominio
973 1481 1024 1524 res
1041 1459 1176 1524 exime-

142 1547 263 1614 bantur
273 1561 306 1614 et
318 1551 379 1615 deo
396 1551 494 1616 veluti
505 1551 637 1640 proprie
648 1547 919 1614 attribuebantur.
939 1547 1029 1612 Hinc
1043 1547 1176 1634 insigne

140 1637 224 1702 illud
244 1649 439 1726 stratagema
460 1640 497 1704 P.
518 1638 652 1718 Clodii,
682 1637 805 1702 tribuni
829 1637 932 1725 plebis
955 1635 1177 1703 turbulentis-

141 1725 234 1807 simi,
253 1727 310 1814 qui
334 1729 439 1816 legem
461 1727 601 1808 ferebat,
624 1739 661 1792 ut
674 1725 840 1814 Ciceronis
861 1727 898 1791 in
917 1725 1055 1790 exilium
1075 1726 1178 1811 ejecti

140 1813 258 1880 domus
270 1817 427 1882 Minervae
438 1829 690 1882 consecraretur.
706 1814 745 1880 ld
756 1815 845 1881 enim
856 1838 895 1880 eo
907 1816 1041 1879 nominc
1050 1813 1174 1894 fiebat,

139 1915 179 1968 ut
192 1903 341 1970 Ciceroni
354 1907 444 1970 nulla
459 1928 528 1994 spes
540 1917 618 1970 esset
629 1905 699 1969 illas
712 1904 794 1970 aedes
803 1900 1032 1992 recuperandi,
1044 1903 1176 1992 quippe

139 1993 291 2058 omnium
306 1995 482 2060 hominum
496 1995 641 2061 dominio
652 2005 815 2072 exemtus,
829 2005 891 2058 eta
903 1991 1060 2079 religione
1071 2015 1175 2057 occu-

141 2095 250 2170 patas,
263 2083 330 2148 vid.
346 2083 414 2148 Cic.
429 2095 514 2148 orat.
524 2107 591 2170 pro
606 2081 718 2147 domo.
737 2089 783 2148 2⁶.
801 2081 867 2146 Res
884 2103 989 2146 sacras
999 2077 1063 2146 'nec
1079 2083 1173 2146 aesti-

83 2188 123 2220 n·-
140 2171 242 2252 mari,
256 2193 317 2236 nec
331 2172 485 2260 obligari,
497 2195 557 2237 nec
571 2169 704 2240 alienari
721 2193 829 2258 pom,
844 2169 867 2235 l.
880 2195 925 2256 9,
938 2172 970 2256 δ.
983 2175 1008 2235 5
1015 2219 1029 2249 ,
1031 2169 1080 2260 ff
1091 2171 1127 2234 lc.
1141 2182 1172 2236 t.

139 2257 233 2324 Nihil
252 2261 341 2326 enim
360 2271 463 2350 potest
476 2259 644 2344 estimari,
659 2259 748 2347 quod
760 2281 829 2324 non
840 2271 887 2324 est
902 2259 938 2323 in
954 2259 1171 2324 commercio.

137 2347 184 2412 Et
197 2347 274 2412 hinc
288 2371 386 2414 nemo
397 2350 565 2415 aestimabit
577 2351 703 2428 aierem,
718 2349 868 2436 quumvis
882 2346 1067 2412 homimbus
1077 2347 1172 2412 salu-

139 2433 339 2519 benimum,
358 2439 434 2525 quia
448 2461 516 2504 non
530 2451 576 2504 est
591 2439 627 2503 in
648 2439 864 2518 commerci03
877 2436 1021 2522 adeoque
1040 2457 1100 2500 nec
1114 2458 1172 2502 res

137 2546 254 2589 sacres.
270 2523 356 2610 Quae
372 2537 483 2592 eutem
501 2529 744 2592 aestimationem
761 2549 829 2591 non
847 2526 1026 2613 recipiunt,
1045 2545 1082 2589 ca
1102 2547 1170 2590 nec

138 2614 364 2702 oppignorari,
372 2617 614 2696 necvendi‚nec
627 2617 695 2681 ullo
706 2615 769 2680 alio
778 2615 874 2690 titulo
885 2613 1173 2706 alienaripouunt,

54 2725 56 2729 ’
137 2724 199 2766 cen
212 2704 365 2792 exemplo
374 2705 517 2790 ejusdem
533 2706 613 2770 airis
627 2716 726 2792 patet.
746 2703 793 2770 3⁰.
813 2703 902 2768 Loca
920 2705 1011 2768 secra
1030 2725 1170 2770 manere

68 2809 121 2832 ⁴·-
138 2791 238 2856 etiam
260 2789 376 2858 dirutis
393 2793 551 2876 aedificiis,
575 2795 598 2859 l.
626 2797 666 2874 6,
689 2796 720 2879 §.
740 2795 782 2870 3,
796 2791 844 2882 ffi
867 2791 940 2856 eod.
961 2792 1169 2879 Exemplum

136 2892 185 2945 est
199 2883 286 2970 apud
301 2883 461 2949 Plinium
473 2883 532 2948 lib.
548 2883 605 2964 X,
614 2907 667 2969 ep.
676 2885 739 2970 ys.
754 2882 854 2948 Ratio
861 2881 1041 2968 e1·at,quod
1049 2871 1175 2968 religio*

135 2969 245 3060 ipsum
260 2972 371 3038 locum
388 2985 421 3039 et
439 2973 548 3041 aream
560 2994 718 3059 occupare
733 2969 932 3034 credebatur.
947 2965 1169 3058 Excipiebaut

104 3085 112 3143 i
136 3069 248 3126 tamen
262 3061 343 3127 duos
359 3086 466 3129 casus:
481 3062 527 3150 (a)
543 3063 577 3126 si'
588 3061 663 3124 urbs
683 3059 724 3124 ab
742 3060 830 3123 hoste
848 3069 925 3124 esset
943 3070 1048 3148 capta.
1063 3059 1167 3124 Tunc

103 3156 106 3164 '
135 3147 225 3214 enim
239 3152 350 3216 omnia
364 3175 452 3219 sacra
469 3174 532 3218 esse
546 3149 746 3230 desinebant,
766 3149 841 3234 qnia
860 3147 918 3212 sibi
936 3161 1167 3236 persuaserant

136 3249 273 3320 veteres,
306 3241 398 3322 deos,
429 3252 605 3328 antequam
633 3239 709 3304 urbs
731 3250 858 3326 percat,
885 3235 963 3301 urbe
987 3235 1164 3320 excedere,

93 3370 97 3380 ι
135 3349 274 3414 eamque
283 3329 476 3417 relinquere.
493 3327 541 3424 (b)
554 3329 688 3397 Sisacra
700 3338 800 3392 essent
811 3337 963 3406 evocata,
978 3323 1001 3390 I.
1015 3349 1061 3410 9,
1073 3327 1104 3410 ς.
1119 3349 1163 3408 a,
1212 3354 1220 3361 ·

125 3413 174 3506 ff.
188 3417 222 3480 li.
245 3427 270 3482 t.
291 3419 380 3506 quod
400 3417 504 3484 lacere
521 3416 665 3484 solebant
683 3417 802 3494 hostes,
826 3404 940 3480 urbem
964 3413 1163 3498 obsidentes,
1210 3442 1216 3450 ·

134 3527 196 3571 nec
214 3527 299 3588 non,
315 3507 376 3594 qui
391 3529 516 3571 novum
529 3507 690 3596 templum
706 3505 922 3570 moliebantur
937 3503 1009 3568 Deo
1026 3503 1061 3568 in
1073 3503 1166 3584 loco,

134 3617 233 3682 quem
253 3595 322 3676 jam
341 3595 422 3676 alius
436 3596 526 3663 Deus
545 3595 707 3662 videretur
725 3616 905 3682 occupasse.
922 3593 1164 3684 De'sacrotum

132 3683 320 3750 evocatione
337 3685 453 3750 multis
480 3685 594 3750 ritibus
615 3683 920 3772 superstitiosissimis
944 3679 1028 3746 sucta
1051 3682 1161 3750 multa

131 3787 207 3840 sunt
218 3772 304 3862 apud
319 3775 465 3841 Maorcb.
479 3777 618 3840 Satura.
633 3775 690 3840 lib.
704 3774 753 3839 II
751 3773 776 3838 I
778 3823 790 3852 ,
802 3798 830 3838 c.
843 3776 880 3851 8,
893 3783 926 3836 et
936 3771 1004 3834 lac.
1019 3771 1160 3836 Raevar-

132 3863 214 3929 dum
237 3865 270 3929 in
297 3863 491 3947 Cory'ecran.
516 3863 575 3929 lib.
601 3865 646 3928 II
649 3914 660 3946 ,
687 3888 717 3948 c..¹
745 3884 791 3946 17.
817 3861 992 3946 Enimvero
1016 3859 1060 3924 ita
1079 3859 1159 3944 jure

131 3953 284 4058 Bouiano
310 3967 446 4025 cautum
474 3952 591 4021 lucrat.
615 3947 793 4054 'blicistiani
826 3951 1034 4043 imperatores
1064 3948 1158 4018 huuc

341 4331 344 4338 ,
415 4298 421 4332 Ι
