2756 4504
558 156 563 188 l

217 345 316 417 ran
330 349 460 440 Quas
475 349 600 418 rans
616 347 1016 438 curouanooum.
1072 351 1140 422 aas

88 444 195 536 lenti,
220 461 302 546 quia
326 462 505 551 aliquando
518 461 700 551 periculosa
714 472 761 526 est
775 461 927 550 possessio
943 485 952 524 z
970 461 1140 529 heredita-

88 545 160 605 tem
179 567 253 614 non
274 553 338 618 nisi
354 553 504 639 jubenti,
522 552 599 640 quia
617 574 655 617 ea
675 552 827 616 omnium
845 552 1136 641 periculosissima,

9 697 11 704 ,
88 645 231 722 Propter
246 640 380 710 latitans
397 666 440 708 aas
452 641 619 725 alienum,
636 642 660 708 1.
675 639 744 722 44,
759 642 790 728 δ.
811 639 894 732 ¹³ffi
910 642 953 706 de
965 643 1013 707 A.
1027 643 1074 707 R.
1088 643 1139 710 D·

86 717 119 800 i·
133 724 159 785 3
168 773 180 802 s
203 729 298 798 last.
314 734 349 800 b.
365 744 391 800 t.
413 731 591 814 Ceterum,
615 731 775 820 quidquid
797 731 954 797 hactenus
972 731 1140 816 diximus,

86 808 131 874 ad
147 834 247 884 veros
261 845 370 890 servos
384 834 510 890 nostros
523 823 687 910 pertinet,
702 845 783 910 quos
802 833 974 910 tamquam
995 845 1045 888 res
1064 845 1141 888 nos-

85 905 157 966 tras
177 905 344 979 habemus
364 914 400 978 in
414 912 573 979 dominio.
593 911 786 1000 Aliquando
801 901 880 978 vero
897 908 966 977 non
980 913 1141 979 habemus
1227 921 1229 926 ’

86 1007 228 1088 §ervum
251 1013 425 1090 tamquam
440 1002 589 1084 domiui,
612 1003 668 1068 sed
687 1013 860 1090 tamquam
883 1001 1141 1086 usufructuarii,

85 1097 109 1142 1.
132 1085 162 1147 ε’.
184 1109 258 1156 non
273 1093 455 1182 proprietas
472 1091 618 1175 serviad
640 1115 700 1157 uos
717 1093 876 1182 pertinet,
897 1093 952 1158 sed
974 1091 1144 1159 ususfruc-

86 1176 165 1253 tus,
194 1179 228 1264 §.
259 1176 558 1270 455.,Aliq'uando
581 1181 681 1246 etiam
705 1182 807 1246 homo
825 1182 908 1250 liber
927 1195 960 1248 et
979 1185 1143 1270 ingenuus

86 1257 145 1326 alii
169 1265 262 1337 bona
285 1272 349 1337 fide
369 1273 489 1353 servit,
510 1272 661 1360 quamvis
681 1271 800 1357 injuste
819 1271 854 1337 in
872 1273 1062 1339 servitutem
1085 1275 1144 1340 de-

86 1355 201 1422 trusus
220 1362 283 1444 sit,
299 1361 402 1429 veluti
420 1361 600 1450 Josepbum
621 1363 764 1428 serviisse
782 1363 936 1427 novimus
956 1364 1143 1454 Putiphari.
1238 1431 1249 1452 ,Ι

85 1436 301 1543 Huiusmodi
323 1473 436 1517 revera
457 1475 527 1516 non
545 1473 656 1538 servus
675 1463 743 1534 est,
767 1453 918 1540 quamvis
936 1453 972 1534 in
989 1455 1144 1520 servitute

87 1545 208 1632 ytvat,
234 1542 290 1626 sed
311 1542 413 1606 homo
438 1543 608 1629 ingenuus.
629 1544 661 1628 5.
685 1540 750 1624 41,
774 1547 807 1608 4.
836 1543 887 1608 De
909 1543 1008 1608 servis
1033 1543 1143 1632 itaque

9 1705 11 1710 Ι
85 1619 154 1716 tllis
179 1627 371 1715 fructuariis
394 1643 427 1696 et
447 1631 533 1696 bona
556 1631 619 1696 fide
639 1631 785 1720 possessis
802 1633 872 1717 jam
895 1634 1054 1718 quaeritur
1066 1684 1075 1713 ,
1100 1657 1145 1698 an

87 1714 344 1787 usufructuario
365 1723 418 1788 vel
437 1722 474 1790 b,
491 1719 515 1792 f.
538 1721 707 1810 possessori
725 1717 924 1808 adquirant?
945 1722 1045 1811 Resp.
1067 1723 1145 1788 Dis-

88 1803 321 1894 tinguendum
335 1815 421 1892 esse',
438 1825 485 1878 ιο.
502 1835 550 1878 an
565 1806 703 1900 aliquid
716 1813 828 1898 operis
844 1812 917 1876 suis
931 1813 1143 1900 adquirant,

90 1901 140 1959 2⁰·
159 1925 211 1966 an
227 1929 246 1968 e
261 1927 299 1967 re
317 1913 456 1982 nostru,
477 1923 521 1964 au
541 1901 588 1966 5⁰.
607 1900 739 1979 aliunde
754 1897 878 1987 aliquid
898 1895 945 1966 ad‘
957 1902 1042 2005 ipsos
1065 1925 1144 1992 per·
1215 1987 1220 1994 .

89 1987 229 2059 veniat?
244 1992 358 2058 Primo
381 2003 414 2056 et
432 1990 576 2056 secundo
596 2013 672 2054 casu
686 1990 877 2076 ¹adquirunt
898 1991 1143 2057 usulructuario

89 2075 145 2141 vel
162 2079 194 2146 b.
207 2081 232 2148 f.
246 2081 440 2172 possessori:
455 2081 550 2146 tertio
562 2081 639 2148 casu
654 2103 765 2146 servus
779 2079 978 2146 fructuarius
992 2083 1145 2172 proprie·

9 2235 11 2244 ,
89 2167 198 2254 ario,
222 2172 306 2238 bona
328 2171 393 2237 lide
412 2192 569 2260 possessus
586 2169 646 2236 sibi
671 2169 826 2257 adquirit.
840 2171 891 2236 Ε.
912 2193 944 2259 g.
969 2172 1005 2236 in
1027 2173 1143 2238 Sticho

9 2265 10 2284 ¹
84 2275 186 2326 servo
206 2263 334 2349 lag'atns
350 2261 433 2328 mihi
449 2273 496 2327 est
510 2259 732 2340 ususfructus,
750 2257 934 2326 fratrimeo
948 2265 1142 2352 proprietas.

87 2343 126 2412 Si
142 2373 227 2441 ergo
250 2351 382 2421 Stichus
402 2351 456 2417 ille
480 2363 549 2420 arte
568 2349 678 2416 fabrili
702 2373 765 2416 100
786 2350 861 2416 flor.
885 2351 1050 2439 adquirit,
1071 2353 1145 2418 illos
1253 2419 1289 2444 „A
1325 2432 1328 2440 ,

88 2438 177 2508 mihi
194 2443 332 2530 quidem
348 2441 509 2530 adquirit,
526 2441 602 2528 quia
618 2441 792 2529 adquisivit
807 2440 913 2531 operis
932 2443 996 2506 suis
1010 2470 1017 2506 ε
1032 2445 1059 2509 si
1067 2444 1145 2542 Ellss'
1184 2446 1221 2514 ῥ’
1243 2445 1268 2488 ³⁴⁵
1284 2448 1299 2526 25
1320 2436 1337 2467 ⁰

89 2549 233 2619 caurum
250 2534 285 2620 in
301 2531 413 2618 fundo.
426 2555 500 2596 meo
520 2530 656 2620 reperit,
681 2530 763 2595 mibi
783 2553 862 2596 eum
880 2532 1046 2619 adquirit,
1066 2534 1158 2622 quia

88 2639 111 2683 e
126 2645 162 2697 re
184 2647 257 2697 mea
277 2617 456 2710 'adquisivit
474 2645 482 2684 ε
498 2621 550 2686 siu
571 2622 662 2686 heres
680 2620 846 2686 institutus
870 2627 1032 2712 acceperit
1056 2635 1249 2704 iocosam
1265 2645 1328 2692 m

89 2707 206 2779 Carol.
222 2737 293 2796 eos,
316 2735 385 2778 non
403 2711 507 2794 mihi,
533 2711 588 2778 sed
610 2709 705 2776 fratri
727 2728 801 2775 meo
826 2712 993 2798 adquirit,
1018 2717 1094 2800 quia
1118 2714 1143 2779 ii

92 2799 229 2868 aliunde
243 2804 285 2868 ad
296 2818 430 2868 servum
441 2817 672 2890 pervenerunt.
688 2801 741 2864 lta'
750 2814 782 2866 et
796 2801 813 2866 1
816 2803 956 2891 osephus
968 2805 1142 2894 Putipbari

92 2893 255 2974 serviens,
270 2884 431 2982 quidquid
446 2913 505 2980 per
516 2913 630 2980 operas
647 2913 719 2956 suas
731 2891 783 2956 vel
799 2915 817 2956 e
833 2913 868 2956 re
884 2893 1072 2982 Putiplraris
1083 2894 1143 2959 ad-

89 2982 249 3065 quisivit,
267 2983 450 3068 secundum
466 2981 520 3068 jus
540 2993 689 3061 nostrum
708 2980 928 3068 adquisivisset
943 2983 1140 3073 Putiphari:
1228 3032 1232 3038 =

9 3149 10 3152 Ἴ
90 3072 271 3152 coritra,si
288 3073 380 3160 heres
392 3071 433 3136 ab
446 3071 556 3160 aliquo
579 3069 687 3136 fuisset
709 3071 899 3154 institutus,
927 3073 1020 3138 illam
1043 3073 1143 3140 here-

9 3157 11 3220 J
94 3157 238 3239 dilatem
256 3161 316 3226 sibi
339 3162 493 3250 potuisset
512 3162 650 3227 retinere
662 3212 671 3244 ,
691 3161 717 3227 si
739 3173 820 3242 tunc
841 3163 892 3228 vel
911 3161 965 3248 jus
988 3175 1141 3232 nostrum

93 3251 279 3336 exstitisset,
288 3253 341 3320 vel
349 3254 385 3318 iu
397 3251 553 3341 AEgypto
565 3249 673 3319 fuisset
683 3265 866 3342 receptum.
876 3255 906 3338 §.
917 3253 1056 3334 3,Inct.
1068 3255 1102 3320 b.
1115 3265 1139 3322 t.

233 3399 270 3502 §.¹
288 3412 590 3492 CCCCLXXII
613 3425 646 3479 et
668 3411 999 3480 CCCCLXXIII.

142 3579 198 3646 Ex
228 3578 346 3645 eodem
377 3573 543 3645 axiomata
572 3589 684 3644 nostro
712 3576 785 3665 jam
812 3599 912 3664 porro
940 3573 1139 3660 inferimus,

55 3705 62 3720 ·
98 3682 145 3734 2⁰.
166 3669 398 3758 etiam,quod
407 3665 671 3758 filiusfamilias
692 3665 856 3754 adquirit,
879 3666 914 3731 id
930 3667 1006 3755 jure
1028 3679 1140 3732 nostro

96 3779 198 3828 omne
218 3784 297 3829 eum
317 3761 490 3848 adquirere
504 3757 647 3825 debuisse
663 3758 749 3848 patri
771 3778 849 3837 sno,
866 3757 960 3844 cujus
979 3757 1014 3822 in
1032 3770 1141 3848 potes·
1205 3771 1209 3776 '

96 3855 164 3917 tate
181 3864 252 3918 erat
264 3852 331 3918 sive
346 3875 404 3940 per
419 3850 571 3942 nuptias,
595 3850 661 3916 sive
684 3870 742 3938 per
763 3847 1055 3934 legitimationem‚
1073 3848 1140 3914 sive
1195 3889 1199 3896 -

98 3959 158 4026 per
173 3943 397 4032 adoptionem.
413 3941 504 4011 Nam
524 3933 637 4034 patria
651 3949 791 4030 potestas
811 3937 1005 4094 consisterat
1025 3937 1061 4021 in
1077 3939 1139 4004 do-

142 4031 241 4100 Pnns
261 4049 387 4098 aaran.
976 4049 994 4101 e
