2644 4504
160 365 340 435 nnana
355 367 454 439 niv.
471 369 531 436 ur
546 367 696 457 AnQn.
713 366 1007 436 stamnum.
1033 367 1099 438 555

260 575 262 580 ·
318 553 349 637 5.
373 549 556 620 ocouv
578 564 610 617 a
633 549 850 620 ccccvi.

119 720 306 788 Naturalis
321 721 524 790 55555555οηί5,
533 721 643 808 plures
656 732 731 790 sunt
742 723 878 812 species:
900 737 945 788 1⁰.
961 723 1100 809 foetura,

80 824 119 877 2⁰.
138 810 263 894 insula,
286 811 334 878 5⁰.
356 810 502 894 alluvio,
518 809 564 876 4⁹.
590 811 638 878 vis
657 807 823 893 fluminis,
848 814 895 877 5⁰.
919 813 1002 878 alvei
1021 838 1116 894 mu-¹

80 899 167 965 tatio.
319 984 321 996 ,
416 967 417 972 ,
904 937 905 944 5

119 1008 146 1074 1.
168 1008 315 1078 Foetnra
337 1019 393 1074 est¹
408 1006 544 1074 accessio
570 1029 629 1096 per
654 1007 895 1093 generationem
920 1011 1106 1080 substantiae

21 1126 26 1134 ’
78 1097 237 1186 animatae.
261 1097 348 1184 Quia
369 1109 481 1162 antem
498 1096 539 1161 ad
561 1098 802 1184 generationem
823 1099 896 1164 duae
918 1101 1104 1170 snbstantias

78 1199 279 1274 concurrunt
299 1188 351 1254 vel
368 1187 434 1251 duo
453 1208 565 1267 sexus,
584 1186 759 1273 quaeritur,
777 1210 876 1274 quem
895 1211 937 1254 ex
955 1191 1004 1256 his
1023 1193 1111 1258 sexi·

77 1276 134 1362 bus
147 1289 303 1366 sequatur
317 1277 451 1366 partus?
469 1276 604 1342 Constat
619 1276 703 1340 inter
717 1297 829 1340 omnes
848 1279 1017 1366 physicos,
1035 1301 1109 1348 ma-

78 1368 192 1433 teriam
211 1367 265 1433 vel
281 1364 493 1432 substantiam
513 1363 662 1428 animalis
678 1387 745 1428 non
766 1388 785 1428 a
804 1378 915 1454 patre,
934 1371 988 1432 sed
1008 1393 1127 1444 amas

75 1468 124 1522 tre
150 1480 227 1522 5555.
257 1457 300 1520 Et
327 1451 391 1520 hoc
413 1453 512 1518 etiam
534 1464 657 1518 veteres
683 1454 783 1518 Stoici
807 1471 1034 1540 agnoverunt,
1054 1460 1114 1546 qui

74 1543 195 1612 foetum
214 1547 250 1610 in
266 1555 360 1610 utero
382 1554 530 1610 materno
550 1543 783 1621 clausumnon
801 1567 862 1632 pro
885 1545 1038 1627 animali,
1054 1550 1112 1614 sed

74 1659 135 1724 pro
155 1647 252 1725 parte
269 1633 322 1704 551
337 1633 454 1700 viscere
473 1631 585 1696 matris
601 1631 774 1696 habebant.
795 1633 838 1696 L.
852 1655 872 1696 2
879 1631 941 1722 ,ff
954 1637 995 1699 de
1007 1649 1111 1702 mort.

75 1724 178 1814 inser.
200 1725 223 1789 l.
240 1725 264 1788 3
275 1754 290 1801 ,·
304 1725 335 1808 5.
353 1745 391 1802 5,
401 1720 449 1812 ff
468 1722 511 1785 de
526 1731 635 1788 ventr.
658 1723 747 1808 inap.
768 1720 791 1784 l.
811 1725 855 1806 39
869 1724 934 1812 ,ffi
957 1723 999 1788 de
1010 1750 1112 1812 poen.

73 1816 235 1880 Addatur
262 1812 303 1876 de
321 1811 435 1876 Stoicis
457 1811 608 1889 Seneca,
635 1811 743 1896 epist.
759 1811 843 1888 nlt.‚·
867 1812 1047 1878 Plutarclt.
1071 1815 1114 1880 dc
1178 1809 1204 1820 '¹

67 1899 165 1991 plac.
179 1903 307 1990 philos.
324 1901 347 1965 Ι.
366 1905 409 1984 a,
431 1924 458 1963 c.
483 1903 520 1962 56
531 1948 542 1976 ,
565 1903 626 1977 163
647 1921 719 1986 quae
741 1899 812 1963 loca
835 1900 988 1966 debemus
1006 1904 1114 1969 turis-

72 1995 228 2058 consulto
244 1990 366 2056 eximio
384 1990 464 2054 Em.
483 1987 639 2054 Merillio
656 1983 726 2052 5155.
743 1989 766 2052 l.
785 2011 817 2068 5,
833 2013 861 2054 c.
876 1993 924 2054 56.
939 1993 1019 2056 Inde
1032 2015 1112 2078 ergo
1192 1993 1194 2003 '

71 2084 225 2170 sequitur
236 2081 390 2164 axioma:
408 2077 584 2165 Quidquid
592 2102 632 2143 ex
646 2087 760 2143 ventre
770 2079 892 2143 matris
906 2082 943 2145 in
956 2081 1113 2147 dominio

72 2185 195 2238 nostro
211 2171 406 2236 constitutae
421 2169 591 2246 nuscitur,
604 2177 762 2232 nostrum
776 2178 836 2232 est.
854 2168 897 2232 L.
916 2167 961 2248 4,
979 2171 1055 2250 tn,
1062 2169 1113 2260 ff

71 2261 248 2348 deAdqrt.
265 2259 443 2322 rertdom.
453 2257 674 2337 Dicimus,ex
689 2266 804 2321 ventre
820 2257 857 2320 in
870 2258 1022 2324 dominio
1035 2284 1116 2325 5555-
1177 2335 1181 2344 Ι

72 2363 126 2416 tro
154 2349 356 2416 constituto.
390 2340 479 2410 Nam
512 2344 548 2410 in
578 2345 722 2433 personis
751 2345 860 2410 liberis
887 2347 980 2412 aliter
1006 2372 1039 2414 se
1063 2372 1116 2415 res

69 2441 186 2505 habet.
211 2437 285 2502 Aut
305 2435 395 2500 enim
413 2433 552 2520 injusto
571 2433 782 2519 matrimonio
798 2435 932 2516 vivunt,
947 2449 1004 2502 aut
1020 2451 1117 2505 extra

66 2525 333 2595 matrimonium
354 2533 528 2626 procreant
548 2523 678 2588 liberos.
701 2523 737 2586 Si
758 2521 873 2611 prius,
896 2537 977 2590 tunc
1003 2539 1117 2616 partus

65 2619 226 2706 sequitur
245 2613 467 2686 conditionem
487 2611 609 2700 patris,
632 2611 777 2698 adeoque
791 2624 823 2678 et
837 2613 1039 2680 nobilitatem
1054 2639 1116 2705 pa-

66 2709 153 2790 tris,
189 2701 451 2790 ingenuitatem,
484 2711 546 2767 etc.
574 2701 636 2765 Sin,
659 2700 838 2790 posterius,
891 2715 979 2768 artus
1004 2705 1115 2792 sequi-

64 2812 126 2866 tur
151 2793 383 2866 conditionem
404 2789 528 2857 matris.
554 2789 635 2866 Vid.
657 2789 680 2854 l.
703 2787 770 2866 24,
786 2788 835 2878 ff.
858 2727 900 2856 ab
920 2804 999 2856 stat.
1022 2795 1115 2860 555555.

66 2909 152 2976 quas
165 2883 338 2975 praecipue
352 2880 421 2947 huo
433 2878 583 2966 pertinet.
599 2877 649 2942 At
658 2879 695 2944 in
707 2889 820 2944 ventre
835 2893 962 2961 nostro,
976 2881 998 2946 i.
1014 2905 1042 2946 5.
1059 2883 1119 2968 qui

62 2979 103 3044 in
123 2971 286 3042 dominio
303 2981 371 3049 ast,
389 2979 586 3056 perpetuum
600 2977 647 3030 est
661 2969 818 3048 axioma,
840 2983 952 3055 partus
970 2972 1117 3058 seqnitur

63 3079 248 3132 ventrem.
257 3060 430 3142 Indeergo
446 3077 550 3144 perse
564 3065 667 3120 et'sua
681 3067 796 3144 sponte
811 3053 921 3122 fluunt
936 3062 1120 3133 conclusio-

59 3181 125 3221 nes
144 3181 155 3220 2
180 3161 230 3218 1⁰.
247 3147 406 3236 quidquid
420 3167 463 3210 ex
477 3143 613 3208 animali
625 3157 736 3209 nostro
750 3143 893 3210 nascitur
905 3197 916 3226 ,
932 3161 976 3212 est
991 3143 1120 3222 domini

63 3243 219 3311 ventris.
242 3241 273 3324 5.
292 3235 511 3324 59,Ι5555.15.
541 3245 565 3297 t.
592 3234 706 3322 Itaque
727 3233 848 3299 vitulus
875 3235 959 3302 cedit
981 3239 1118 3304 domino

59 3355 214 3408 vaccas,
236 3350 304 3393 non
324 3325 433 3405 bovis,
458 3323 514 3411 qui
535 3325 645 3390 virum
666 3346 699 3389 se
720 3323 890 3410 praestitit,
912 3328 1049 3410 equulus
1071 3343 1119 3394 est

60 3420 211 3488 domini
227 3439 340 3504 equae,
359 3437 428 3480 non
450 3413 543 3499 equi,
568 3413 764 3500 quiequam
788 3411 1027 3502 impraegnavit.
1054 3415 1119 3485 Sed

60 3538 112 3580 an
139 3507 256 3576 vicini
275 3527 377 3592 equus
399 3503 497 3590 gratis
518 3503 603 3566 hanc
627 3524 763 3592 operam
786 3504 994 3590 praestiterit?
1017 3506 1119 3596 Resp.

62 3601 255 3667 Dominus
268 3595 343 3682 equi
355 3593 428 3678 jure
441 3591 521 3680 petit
535 3591 776 3677 equimentum,
788 3592 810 3654 i.
826 3614 854 3655 e.
871 3595 1046 3680 pecuniam
1059 3620 1122 3684 pro

54 3696 131 3759 ista
150 3707 263 3776 opera
270 3681 505 3772 praestandam.
518 3681 563 3746 L.
576 3686 620 3745 52
627 3726 637 3758 ,-
650 3681 680 3764 5.
693 3703 732 3759 2,
735 3678 783 3768 ff
795 3679 931 3767 defurt.
944 3684 987 3748 2⁰.
998 3684 1123 3762 ¹Vernus

59 3803 112 3848 ex
131 3774 274 3844 ancillis
288 3772 405 3838 nostris
425 3771 494 3835 nati
515 3770 617 3834 nostri
632 3780 718 3834 sunt.
738 3774 768 3854 5.
795 3767 855 3833 ult.
877 3771 965 3838 inst..
983 3771 1024 3836 de
1037 3773 1122 3863 jure

50 3893 166 3960 pers.
199 3865 229 3928 I.
243 3884 291 3947 7,
317 3859 355 3926 C.
377 3859 418 3930 cte
438 3860 488 3926 rei
509 3859 604 3924 vind.
629 3859 721 3927 Servi
740 3859 830 3922 enim
852 3873 945 3926 erant
961 3883 1009 3926 res
1024 3887 1033 3923 2
1048 3885 1122 3946 re53

57 3981 150 4048 quae
191 3953 245 4020 rei
272 3962 390 4043 nostrae
415 3961 542 4036 naturas
572 3949 729 4016 beneficio
754 3947 878 4042 accedit
889 3949 901 4035 ,'
915 3945 1025 4104 tizostra
1050 3965 1122 4035 eat,
1151 3947 1153 3954 ‘

971 4058 989 4104 2
1272 4059 1274 4068 ,
