2644 4504
194 363 257 432 DE
273 365 515 448 sArrsDAr.
528 369 705 438 TUTOR.
716 369 813 439 VEL
824 368 999 439 CURAT.
1032 368 1111 478 Ι995

303 755 645 886 rrrncns
680 705 893 842 xxrv.
974 714 976 722 ’

126 943 213 1018 ‘De
233 946 507 1025 Satisdotione
531 962 709 1026 tutorum
728 952 794 1025 vel
814 901 1054 1054 curutotutia·

432 1118 805 1268 sounfflt‘
892 1087 1218 1283 &plmp

85 1253 315 1375 Panormus
337 1311 379 1376 ad
401 1312 569 1399 quaedam,
586 1331 659 1399 quta
674 1309 835 1376 tutoribus
856 1323 888 1376 et
908 1310 1112 1376 curatoribus

87 1399 350 1466 communicasse
366 1401 526 1478 diximusn
546 1402 654 1489 qualia
675 1412 751 1463 sunt
764 1401 973 1478 satisdatio,
990 1399 1029 1465 de
1045 1423 1124 1488 qua.

86 1484 144 1552 hoo
158 1487 273 1569 titulo,
289 1492 480 1567 excusatio,
498 1490 536 1555 de
558 1513 620 1577 qua
641 1502 813 1575 sequente,
833 1500 866 1553 et
881 1491 1028 1576 suspecti
1040 1491 1112 1554 cri„

17 1616 21 1625 ·
87 1596 160 1642 nien
172 1627 184 1658 ,
199 1578 239 1643 de
254 1595 320 1666 quo
334 1580 430 1644 titulo
444 1579 562 1643 ultimo
578 1579 694 1666 agitur.
716 1580 790 1643 Hoc
809 1599 887 1664 ergo
901 1577 996 1641 titulo
1011 1577 1112 1668 dispi..

9 1701 10 1718 ι
85 1665 234 1732 ciendum
243 1717 254 1746 ,
273 1675 318 1734 1⁰.
340 1669 419 1754 quid
437 1669 475 1732 sit
496 1667 681 1734 satisdatio?
695 1669 725 1753 ᾗ.
744 1683 819 1755 279.
836 1676 881 1732 2⁰.
896 1666 966 1731 Cur
988 1674 1111 1732 tutores

8 1771 10 1808 t
84 1737 1110 1844 mmnffloermmwnmans

9 1823 12 1917 ¹,
84 1843 144 1908 sint
155 1845 258 1930 hujus
269 1847 479 1914 satisdationis
492 1845 626 1912 effecta?
637 1848 668 1932 ς.
687 1845 767 1926 284,
785 1842 860 1910 285.

10 1934 12 1949 '
124 1935 302 1999 satisdare
324 1935 499 2022 aliquando
520 1935 713 2022 generaliter
732 1933 907 2022 accipitur,
933 1933 1125 2021 aliquande

10 2027 15 2104 ξ
85 2023 274 2108 specialiter,
288 2025 462 2111 aliquando
476 2024 698 2112 specialissime
714 2024 764 2088 vel
778 2023 983 2088 strictissime.
1001 2021 1110 2088 Gene-
1139 2039 1158 2108 p

11 2115 12 2158 ἕ
86 2112 202 2178 raliter
214 2113 375 2178 satisdatio
390 2113 509 2178 dicitur
529 2113 635 2178 omnis
649 2113 776 2194 cautio,
792 2114 858 2177 sive
872 2111 930 2179 fiat
943 2111 1109 2202 fidejusso-
1137 2145 1142 2162 =

12 2218 16 2286 J
85 2199 168 2266 ribus
179 2225 236 2268 seu
247 2201 456 2290 pignoribus,
470 2205 535 2268 sive
545 2203 777 2290 jurejurando,
791 2201 856 2267 sive
868 2201 956 2266 nuda
966 2201 1109 2290 promis·

12 2287 13 2300 ¹
84 2287 186 2371 sione,
211 2314 239 2355 e.
262 2289 295 2378 gss
317 2293 352 2356 in
373 2292 395 2355 l.
419 2298 477 2372 ot,
490 2289 538 2380 ff
562 2293 604 2356 d'e
622 2291 670 2356 V.
685 2291 720 2356 S.
736 2291 780 2356 L.
795 2287 862 2378 49,
874 2289 923 2380 ff
944 2287 986 2355 de
1002 2291 1107 2357 solut.

13 2433 14 2439 κ
84 2375 268 2462 Spectatus
286 2380 349 2445 hoc
369 2381 564 2446 vocabulum
582 2380 740 2470 accipitur
754 2401 815 2470 pro
830 2379 980 2444 cautione
992 2403 1050 2470 per
1064 2381 1108 2446 fi-
1147 2377 1180 2426 '⁴2

84 2465 305 2554 dejussores'et
325 2470 482 2558 pignora3
504 2492 576 2558 quae
595 2470 759 2534 cautiones
781 2469 858 2536 alias
881 2491 1011 2558 quoque
1031 2471 1108 2534 ido-

12 2614 15 2628 .
85 2575 152 2622 neae
166 2559 394 2650 appellantur,
411 2560 433 2624 l.
450 2563 514 2644 59,
520 2557 566 2648 ff
583 2561 644 2623 ult.
660 2559 691 2645 ἕ.
714 2559 833 2624 uland.
854 2559 1107 2648 Speciolissime

11 2655 15 2732 ζ
84 2657 186 2712 autem
209 2649 381 2722 satisdator
403 2672 461 2741 per
481 2649 700 2736 lidejussoreS,
724 2649 747 2713 l.
774 2671 812 2727 t,
824 2647 873 2736 ff.
897 2649 960 2736 qui
983 2650 1105 2715 satisd.

83 2747 258 2822 coguntur.
275 2737 318 2802 Et
336 2736 371 2802 in
388 2737 452 2802 hoc
472 2737 588 2801 ultimo
602 2739 694 2802 'sensu
715 2737 769 2802 hic
787 2737 947 2825 accipitur
962 2733 1107 2802 vdcabu·
1132 2813 1134 2816 Ι

10 2837 14 2897 j·
81 2819 148 2888 lum
161 2875 171 2908 ,
198 2826 342 2914 adeoque
368 2849 437 2892 non
458 2827 557 2890 aliam
583 2826 766 2890 cautionem
792 2837 944 2915 praestare
971 2837 1106 2914 possunt

82 2920 196 2998 tutores
210 2927 242 2980 et
257 2927 444 2994 curatores,
459 2911 825 3002 quamfidejussoriom
833 2964 844 2994 ,
860 2913 956 3000 idque
970 2914 1012 2977 ob
1024 2913 1105 2979 duas
1150 2959 1190 2978 -η

81 3004 226 3070 rationes.
248 3003 337 3068 Nam
358 3005 410 3070 1⁰.
429 3003 498 3069 haec
516 3005 623 3068 cautio
639 3015 684 3068 est
697 3003 852 3090 pretoria
871 3014 903 3066 et
923 3025 942 3066 a
964 3013 1109 3092 praetore

80 3091 162 3178 exigi
185 3093 327 3180 jubetur.
351 3093 523 3162 Cautiones
543 3105 654 3158 autem
683 3092 840 3180 praetoriae
856 3113 984 3182 semper
1000 3114 1103 3179 praes-

9 3199 10 3218 ³
79 3181 181 3246 tandae
199 3195 275 3247 sunt
296 3181 378 3252 datis
398 3182 653 3268 fidejussoribus,
675 3201 733 3272 per
756 3180 779 3244 l.
801 3193 846 3266 7,
860 3178 909 3270 ff.
935 3180 977 3246 de
994 3191 1098 3268 proet.

9 3281 10 3324 ἲ
78 3272 242 3359 atip.quae
261 3271 315 3336 lex
332 3272 476 3336 maxime
490 3273 644 3336 notanda.
663 3272 708 3336 2⁰.
725 3269 893 3334 incertum
905 3273 1104 3357 est,quanti
1171 3323 1192 3338 s·
1260 3311 1263 3320 =

79 3355 307 3436 interfuturum
322 3361 362 3425 sit
403 3361 515 3452 upitti,
532 3361 555 3424 i.
574 3383 602 3425 e.
622 3371 783 3448 quantum
802 3359 962 3424 damnum
977 3362 1006 3424 ei
1025 3359 1103 3426 illa-

9 3433 10 3510 l
79 3453 166 3512 turus
182 3451 222 3516 sit
241 3463 341 3516 tutor.
366 3385 455 3516 liinc
472 3449 498 3526 si
519 3451 657 3540 pignora
681 3449 770 3515 mille
791 3447 922 3514 florenis
943 3449 1102 3518 aestimata

79 3535 211 3622 dentur,
235 3551 268 3606 et
289 3550 396 3630 postea
423 3551 512 3604 tutor
539 3541 698 3606 damnum
714 3539 779 3604 ‘det
798 3538 911 3604 decem
933 3538 1101 3624 millium,

9 3689 10 3712 2
78 3633 196 3710 parum
211 3651 287 3708 sape
308 3628 432 3720 pupillo
456 3629 519 3693 hac
539 3630 692 3693 cautione
711 3629 918 3716 pignoratitia
944 3649 1099 3718 prospec-

9 3733 10 3737 ’
78 3724 147 3783 'lum
158 3730 244 3784 esset.
265 3717 379 3806 Itaque
398 3722 479 3808 opus
499 3730 543 3782 est
561 3717 816 3799 fideiussoribus,
836 3719 892 3806 qui
913 3717 948 3782 in
965 3739 1099 3782 omnem

75 3818 222 3874 eventum
241 3819 397 3891 caveant,
414 3818 445 3872 et
466 3807 682 3898 promittant,
705 3817 778 3873 rem
796 3805 936 3896 pupillo
960 3805 1097 3872 salvam

66 3889 149 3971 sote.
