2710 4504
435 299 788 372 rnouumn.
1085 309 1128 392 η

17 413 18 416 ’
97 403 245 474 babetur.
262 409 326 476 Sed
340 409 442 500 probe
453 411 694 479 observandum
705 424 768 492 est,
781 409 932 500 quamvis
946 411 1010 479 illoe
1021 411 1131 482 editio·

97 519 151 562 nes
160 502 380 566 accuratiores
392 513 425 566 et
438 501 649 589 elegantiores
661 503 741 583 sint,
756 503 859 568 solam
874 515 985 570 tamen
999 504 1130 572 tertiam

96 585 133 652 in
150 585 226 653 foro
250 609 315 655 esse
335 601 519 680 receptam,
543 591 640 671 adeo,
666 603 718 670 ut,
745 591 895 679 quamvis
919 613 987 657 non
1007 593 1129 680 ubique
1179 644 1184 650 -

94 688 242 743 mentem
265 679 439 745 Iustiniani
463 691 550 746 recte
573 681 769 770 exprimat,
801 693 910 746 tamen
938 685 1131 752 auctoritate

54 844 61 856 „
94 764 191 851 legali
205 768 338 856 polleat.
357 769 522 856 Insignem
535 783 643 834 mmen
658 769 830 835 utilitatem
844 769 984 836 afferunt
995 773 1129 860 reliquae

95 854 253 922 editiones
272 858 314 924 ad
331 855 485 924 Novellas
504 858 623 924 rectius
640 859 873 945 intelligendas.
889 860 1044 926 Ceterum
1056 861 1130 928 No·

93 945 187 1010 rellae
209 946 343 1034 allegari
363 948 468 1013 solent
492 949 555 1029 ita,
577 960 617 1014 ut
636 959 767 1014 tantum
788 969 947 1016 numerus
967 961 1000 1014 et
1021 951 1129 1042 capita

93 1035 343 1124 exprimantur,
358 1058 388 1102 e.
404 1059 436 1124 g.
449 1037 544 1104 Nov.
560 1035 724 1120 CXVII,
736 1062 765 1104 c·
779 1064 805 1106 t.

131 1179 274 1238 Novellas
292 1181 414 1256 quoque
426 1175 488 1254 jam
501 1173 666 1247 habemus,
684 1178 715 1234 in
728 1178 843 1256 legibus
857 1179 921 1238 Istis
939 1201 1005 1258 quae
1025 1185 1128 1258 proeei.

90 1261 152 1336 pud
174 1280 256 1319 anno
278 1261 354 1334 1807
378 1263 442 1318 latae
458 1261 599 1330 fuerunt,
617 1259 799 1334 adjuvandi,
816 1257 863 1319 vel
883 1264 1058 1344 supplendi,
1080 1266 1127 1326 rel

90 1343 181 1401 etiarn
192 1341 369 1402 emendandi
380 1341 496 1400 Codicis
507 1341 601 1401 nostri
611 1342 716 1420 gratie.

517 1491 548 1579 ς.
572 1491 697 1558 xrrr.

137 1641 225 1727 Qum
235 1639 392 1714 hactenus
402 1637 621 1704 recensuimus
632 1659 747 1727 opera,
762 1661 799 1704 ca
810 1637 922 1706 omnia
934 1641 1126 1730 Iustiniani,

90 1729 318 1821 imperatoris,
339 1727 488 1820 auspiciis
507 1729 543 1794 in
558 1727 669 1798 lucem
688 1729 891 1816 prodierunt.
914 1731 980 1798 sed
998 1747 1075 1802 eunt
1093 1749 1127 1804 et

89 1821 153 1886 alia
166 1819 319 1908 quaedam
330 1819 366 1884 in
377 1819 523 1907 Corpore
536 1817 554 1882 J
557 1818 641 1898 uris,
659 1839 733 1903 quae
741 1817 889 1970 principi
901 1819 953 1884 isti
964 1823 1127 1910 originem

90 1933 161 1975 uon
173 1907 311 1988 debent,
326 1930 402 1973 nem
459 1906 725 1986 Auraarrrcs,
763 1906 849 1992 equi
872 1929 909 1972 us
921 1907 954 1995 S.
968 1909 1077 1997 XIII,
1093 1927 1127 1982 et

92 1999 166 2066 libri
179 1997 376 2078 feudorum,
389 1930 556 2084 ddequibus
566 1995 597 2081 §.
610 1993 714 2062 XIV.
727 1995 949 2064 Autltenticoe
959 1999 1037 2066 alies
1047 2003 1125 2106 ipsae

91 2089 230 2156 novellae
249 2093 427 2166 vocantur,
445 2083 566 2174 quippe
583 2083 700 2172 quibus
717 2084 752 2150 in
767 2085 919 2152 omnibus
932 2088 1126 2160 editionibus

93 2173 1011 2266 basoproefigiturinsoriptiosAutlrenticoeaeuNoveIloe
1020 2179 1127 2250 Cona-

93 2264 497 2344 titutioneosaauniant,
517 2262 752 2330 sacratissimi
769 2265 947 2351 Principis
962 2295 974 2334 .·
991 2271 1046 2337 scd
1065 2271 1125 2339 has

92 2358 227 2446 quidem
252 2351 306 2420 liic
331 2377 399 2420 non
423 2351 645 2439 intelligimus.
671 2351 783 2420 Potius
802 2354 990 2437 sciendum,
1013 2363 1126 2430 multis
1147 2373 1151 2392 ¹

91 2447 217 2535 legibus
230 2444 358 2512 Codicis
376 2442 497 2508 scholia
518 2441 668 2530 quoedam
686 2463 751 2508 esse
768 2442 928 2530 subjecta,
951 2446 988 2512 in
1006 2451 1125 2536 quibu,
1209 2471 1213 2480 ³

91 2536 289 2615 ostenditur,
303 2532 383 2620 quid
395 2531 530 2598 novellis
544 2541 707 2596 mutatum
720 2531 780 2614 sit,
796 2533 848 2600 vel
861 2556 935 2622 quae
949 2544 1035 2606 bova
1063 2563 1125 2610 ura

91 2629 210 2693 sensim
225 2621 439 2704 invaluerint,
457 2645 486 2688 e·
499 2642 532 2708 g.
543 2621 566 2688 l.
579 2622 632 2699 13,
651 2619 689 2686 C.
702 2622 787 2687 daS.
797 2623 833 2688 S.
843 2623 983 2692 ecclesiis
995 2563 1070 2716 (tid.
1085 2633 1122 2712 I,

92 2722 144 2790 tit.
158 2741 178 2784 2
194 2715 208 2804 )
226 2713 400 2797 subjuncta
419 2721 465 2779 est
485 2709 671 2776 authentica
693 2709 828 2800 duplex.
852 2712 969 2799 Quum
984 2719 1073 2784 euim
1088 2723 1122 2788 in

91 2811 161 2896 lege
176 2804 387 2896 permittatur
401 2799 455 2881 iis,
470 2800 528 2886 qui
540 2801 734 2866 monasteria
747 2801 995 2888 ingrediuntur,
1008 2818 1044 2870 ut
1058 2819 1125 2876 tos-

90 2906 237 2966 tamenta
259 2891 398 2958 condere
416 2883 557 2979 possidt,
577 2887 613 2954 in
629 2888 822 2956 authenticis
837 2890 903 2956 istis
918 2904 1071 2979 notatur,
1090 2899 1125 2965 id
1175 2973 1178 2980 ¹

90 3012 151 3082 per
161 2983 317 3058 Norellas
329 2981 348 3046 5
361 2991 393 3046 et
408 2981 485 3058 125,
498 2989 755 3058 essemutatuma
774 2990 807 3044 et
822 2977 892 3044 hoeo
905 2981 1027 3050 scholia
1043 3009 1124 3076 pro-

90 3079 162 3172 prIe
173 3083 336 3142 vocantur
348 3068 554 3136 authenticae.

135 3165 221 3254 Quis
234 3183 286 3228 eas
296 3158 464 3243 adjecerit,
476 3159 625 3226 nondum
636 3157 716 3222 adeo
729 3167 855 3224 certum
867 3171 929 3240 est,
942 3166 1124 3240 verosimile

89 3270 203 3324 tamen
225 3263 297 3331 est,
327 3260 495 3316 auctorem
526 3271 590 3314 esse
625 3246 814 3330 Irnerium,
848 3249 1123 3328 iureconsultum

88 3344 347 3417 Bononiensem,
367 3339 425 3426 qui
440 3360 513 3402 saeo.
535 3335 607 3402 XII
624 3337 751 3425 primus
769 3337 1067 3428 Jurisprudentiam
1085 3353 1122 3418 in

88 3460 187 3504 usum
207 3431 383 3500 revocavit.
404 3427 553 3513 Allegari
571 3426 675 3494 solent
693 3427 890 3498 authentice
908 3429 969 3513 ita,
985 3447 1023 3498 ut
1035 3461 1123 3526 μω.

87 3528 240 3594 mittetur
251 3519 449 3588 vocabulum
461 3517 571 3584 Aulis.
586 3517 701 3584 deinde
713 3517 927 3603 subjiciantur
945 3523 1043 3592 verba
1057 3529 1122 3596 ini.

72 3616 193 3700 vastia,
209 3613 557 3698 biuoporrosequatur
569 3607 675 3673 littera
687 3605 725 3672 C.
741 3629 779 3672 ao
794 3608 933 3696 denique
942 3612 1120 3704 subjunga-

89 3717 145 3772 tur
157 3703 290 3771 rubrica
305 3697 392 3764 tituli
407 3697 466 3762 sub
483 3718 550 3784 quo
563 3695 728 3774 occurrite
748 3718 777 3762 e.
790 3718 823 3782 g.
836 3698 948 3764 Autlr.
962 3702 1123 3792 [agressi

92 3791 303 3863 monasterio
322 3789 361 3856 0.
382 3787 424 3853 de
444 3786 479 3852 S.
501 3786 537 3852 S.
559 3785 717 3854 ecclesiis·
735 3785 848 3854 Autlr.
866 3788 987 3856 liubila
1006 3793 1044 3860 0.
1063 3797 1121 3862 Ne

81 3883 186 3974 filim
190 3905 263 3977 pro
267 3891 385 3970 patre.
