2644 4504
166 269 225 334 DE
240 265 469 344 EXCUSAT.
481 265 659 334 TU'rou.
679 265 735 332 ΕΤ
749 263 922 334 CURAT.
992 266 1058 337 503

54 377 84 442 de
108 377 295 446 necessariae
323 379 355 463 ς.
390 374 483 466 295,
516 375 556 440 de
590 384 818 464 utrorumque
850 377 1061 467 allegatione

55 469 79 550 i.
98 467 246 556 opii-2915.

86 610 157 666 Inter
174 610 372 666 excusationes
394 607 551 666 discrimen
575 606 607 662 in
626 605 684 665 hoc
705 608 891 682 potissimbm
909 609 1061 684 consistit,

55 691 122 764 quod
136 689 366 750 excusationibus
384 688 560 748 voluntariis
577 701 675 764 potest
691 690 873 762 renuntiari,
893 693 1062 750 neceesariie

55 791 103 826 uon
120 784 221 842 potest.
245 771 292 830 Sic
313 793 343 828 v.
364 791 391 848 g.
414 772 454 829 ob
473 790 632 828 numerum
656 771 821 828 liberorum
841 783 938 847 potest
957 773 1063 849 aliquis

54 853 183 924 excusari,
196 875 257 910 non
271 854 447 929 prohibetur
461 864 558 910 tamen
570 852 740 910 renuntiare
751 853 821 910 huic
830 853 985 931 privilegio
997 876 1062 914 suo.

57 933 149 991 Contri
160 976 168 1004 ,
181 935 204 992 si
215 935 312 992 minor
325 935 394 992 uelit
412 945 496 992 tutor
513 933 595 1003 fieri,
616 934 738 992 omnini)
757 935 954 1010 prohibetur,
974 937 999 994 si
1018 939 1065 996 vet

55 1015 160 1074 maximi
175 1017 362 1076 excusatione
375 1017 431 1073 isti
446 1015 491 1074 uti
503 1016 587 1074 nolit.

358 1167 389 1253 e.
412 1163 733 1232 ocuxxxnt.

89 1313 127 1378 V
123 1317 302 1382 oluntarioe
319 1315 507 1381 excusandi
526 1339 658 1381 caueeae
683 1317 803 1382 iurum
817 1330 893 1384 sunt
908 1319 1061 1408 triplices.

13 1425 15 1486 ξ
53 1402 110 1468 Aut
125 1407 210 1470 enim
232 1405 451 1472 admittuntur
474 1413 517 1468 ιο.
532 1404 574 1468 ob
589 1405 817 1492 privilegium,
840 1409 871 1494 ς.
895 1407 1063 1498 289-299,

13 1487 14 1498 ’
55 1506 98 1557 aut
112 1503 156 1558 2⁰.
169 1496 210 1560 ob
221 1493 467 1584 impotentiam,
480 1496 510 1580 ς.
526 1493 587 1580 295
602 1542 612 1574 ,
626 1506 684 1558 aut
696 1495 742 1560 5⁰.
759 1495 800 1560 ob
820 1497 1065 1564 existimationis

54 1583 237 1670 periculum,
259 1587 288 1670 §.
308 1583 382 1672 Ι194.
669 1601 684 1618 “
1061 1617 1064 1626 ·

87 1693 110 1756 Ι.
132 1691 183 1758 Ob
199 1693 425 1780 privilegium
440 1701 639 1756 excusantur
663 1699 703 1755 1⁰.
722 1704 885 1780 patenter
903 1693 1063 1780 plurium

53 1778 228 1846 liberorum.
248 1783 291 1846 Et
305 1781 436 1868 quidem
454 1781 569 1845 Romae
583 1782 782 1846 excusabant
800 1795 884 1862 tres,
911 1781 945 1846 in
970 1784 1064 1849 ltalia

13 1889 15 1928 t
52 1881 192 1952 quatuor,
214 1874 245 1936 in
262 1870 437 1958 provinciis
454 1870 616 1956 quinque,
632 1870 730 1934 modo
750 1883 852 1935 essent
868 1872 1062 1953 naturales,

13 1951 15 1970 '
52 1979 107 2022 nou
126 1960 294 2050 adoptivif,
318 1959 485 2048 legitimi,
512 1982 579 2022 non
605 1959 730 2047 spurii3
754 1961 848 2046 noti,
870 1983 937 2024 nou
960 1962 1065 2026 nasci·

53 2049 125 2126 turi3
146 2051 341 2138 superstites
364 2047 417 2112 uel
445 2045 528 2112 bello
555 2049 678 2113 amissi
689 2097 700 2127 ‚
723 2045 792 2113 non
818 2049 951 2115 mortui.
974 2051 1063 2120 Nam

51 2147 75 2198 et
87 2140 136 2226 qui
152 2163 210 2230 pro
225 2138 329 2228 patria
344 2137 551 2228 ceciderunt,
574 2137 608 2200 in
628 2149 824 2290 perpetuum
846 2163 905 2228 per
924 2139 1064 2226 gloriam

13 2279 15 2302 ,
51 2225 142 2294 vivere
156 2222 320 2294 dichntur.
337 2227 418 2292 Haec
434 2225 531 2290 habes
549 2227 584 2289 iu
603 2251 656 2311 pr.
686 2239 762 2291 net.
776 2227 808 2292 b.
826 2239 849 2292 t.
865 2227 929 2294 Sed
941 2229 1064 2316 quaeri·

14 2375 16 2400 ,
52 2325 109 2396 tur,
127 2319 209 2384 tunde
224 2319 287 2382 hoc
303 2313 511 2406 privilegium
525 2315 589 2380 sit?
604 2316 864 2402 Hotpreclrtue,
884 2318 939 2406 qui
961 2319 1067 2384 Corne
1115 2386 1117 2392 ,

14 2409 16 2476 ξ
51 2409 195 2473 mentatio
216 2406 333 2494 grandi
349 2405 414 2470 tv.
433 2405 619 2478 Tomorum
633 2406 857 2478 ‚iustitutiones
876 2407 1087 2510 illustravit,p

14 2489 16 2534 ἶ
51 2495 82 2558 ad
91 2519 141 2581 pr.
157 2497 246 2564 Inst.
263 2497 296 2560 t.
314 2507 337 2558 t.
357 2493 456 2572 dicit,
476 2515 540 2558 esso
557 2495 641 2558 hano
656 2495 867 2582 quaestionem
889 2520 931 2564 ex
949 2519 1065 2565 earum

14 2599 15 2672 ζ
50 2605 173 2651 numero
186 2637 194 2664 ,
209 2607 351 2674 quarum
363 2583 446 2648 ratio
460 2583 550 2648 reddi
564 2604 628 2648 nou
643 2585 751 2672 possit.
765 2585 888 2674 lepide
900 2586 1073 2676 proiecto!-

14 2685 16 2728 t
48 2670 93 2736 Eut
111 2676 215 2762 potius
234 2699 276 2740 ex
291 2675 363 2762 lege
379 2672 481 2738 Jutia
496 2683 530 2738 et
547 2673 664 2760 Papia
679 2675 853 2760 Poppoea,
871 2699 945 2764 quae
960 2677 1003 2742 Α.
1017 2678 1063 2743 U.

14 2765 15 2806 i
48 2759 77 2823 G.
102 2765 190 2852 762,
222 2764 283 2828 sub
306 2763 458 2848 Augusto
484 2761 548 2826 lata
575 2774 662 2828 csta
689 2765 735 2826 Μ.
764 2764 864 2852 Pupio
890 2765 1010 2829 Mutilo
1032 2783 1066 2833 et

49 2850 84 2933 Q·
118 2855 261 2944 Poppaeo
291 2851 432 2917 secundo
465 2847 650 2916 consulibus
679 2851 826 2917 suffectis.
867 2853 933 2919 Dio
976 2857 1064 2921 Cass.

14 2971 16 3000 ι
48 2937 96 3004 tit.
109 2943 213 3011 XVI
217 2993 231 3023 ,
247 2945 326 3008 662.
341 2939 510 3004 Nimirum
526 2941 687 3022 Romani,
708 2963 776 3005 nou
790 2953 828 3005 ut
840 2942 973 3028 mliquae
985 2965 1065 3028 gen·

47 3038 102 3110 tes,
122 3034 260 3099 libenter
278 3053 311 3096 se
330 3029 451 3118 nuptiis
464 3029 654 3115 illigabunt,
674 3031 729 3094 sed
749 3029 790 3094 ab
811 3031 849 3094 iis
870 3030 1066 3097 liberorum·

46 3140 100 3202 que
121 3121 345 3210 procreatione
364 3119 509 3183 maxime
527 3117 756 3184 abhorrebant.
776 3119 903 3184 Caussae
921 3122 1069 3192 maxime

47 3215 100 3290 tros
112 3224 206 3278 erunt
221 3239 229 3274 ε
243 3209 293 3297 (a)
312 3207 470 3298 cupiditas
489 3207 561 3272 vitae
578 3207 784 3274 dissolutuc'et
803 3231 892 3295 vagae
905 3210 1044 3276 Veneris
1052 3235 1070 3301 ς,

48 3293 87 3381 (b)
109 3301 207 3366 luxus
222 3301 450 3366 Romanarum
467 3295 663 3364 feminarum
677 3349 685 3378 ,
705 3321 785 3386 quas
800 3297 910 3363 mariti
923 3299 979 3366 vix
990 3301 1067 3368 satio

14 3451 15 3466 χ
45 3387 200 3474 splendide
214 3389 300 3454 alere
314 3399 484 3476 peierante
497 3399 529 3452 et
541 3387 584 3475 (c)
599 3388 743 3453 orbitatis
758 3389 877 3454 honor.
891 3389 961 3476 Qui
976 3391 1067 3460 enim

44 3495 105 3541 uon
118 3479 281 3546 habebant
293 3499 411 3542 uxores
422 3489 453 3541 et
466 3475 600 3557 liberos,
611 3477 633 3541 ii
648 3477 689 3541 ab
702 3478 852 3544 omnibus
863 3479 1064 3564 colebantur,

43 3565 79 3628 ad
91 3567 229 3636 honores
243 3565 522 3655 provehebantur,
536 3566 627 3632 douis
638 3577 670 3630 et
684 3567 844 3634 berueficiis
855 3570 1068 3637 cumulabant

43 3662 108 3736 tur,
124 3662 199 3746 quia
217 3655 437 3744 unusquisque
456 3678 488 3719 se
503 3655 540 3720 iis
554 3655 707 3722 heredem
731 3655 881 3724 futurum
903 3659 1065 3768 sperabat.

43 3739 172 3830 Elegaos
187 3760 219 3812 et
232 3745 380 3836 prolixus
396 3766 433 3808 ea
452 3743 541 3809 dere
560 3743 650 3810 locus
666 3757 770 3812 exstat
788 3748 876 3836 opud
895 3747 1066 3814 Plautum

44 3829 77 3896 io
90 3837 189 3904 mitit.
201 3837 292 3928 glor.
308 3846 374 3903 act.
393 3834 475 3916 tlt,
491 3857 580 3902 eccn.
597 3835 639 3917 l,
662 3861 693 3904 ν.
713 3857 768 3924 92
782 3861 873 3928 seqq.
896 3836 952 3903 ubi
972 3837 1065 3906 Peri·
1142 3839 1146 3847 ’

742 4133 767 4186 'f
