<?xml version="1.0" encoding="UTF-8"?>
<!DOCTYPE html PUBLIC "-//W3C//DTD XHTML 1.0 Transitional//EN"
    "http://www.w3.org/TR/xhtml1/DTD/xhtml1-transitional.dtd">
<html xmlns="http://www.w3.org/1999/xhtml" xml:lang="en" lang="en">
 <head>
  <title>
</title>
<meta http-equiv="Content-Type" content="text/html;charset=utf-8" />
  <meta name='ocr-system' content='tesseract 3.04.00' />
  <meta name='ocr-capabilities' content='ocr_page ocr_carea ocr_par ocr_line ocrx_word'/>
</head>
<body>
  <div class='ocr_page' id='page_1' title='image "./recitationesine00heingoog_0201.png"; bbox 0 0 2644 4504; ppageno 0'>
   <div class='ocr_carea' id='block_1_1' title="bbox 1027 201 1200 269">
    <p class='ocr_par' dir='ltr' id='par_1_1' title="bbox 1027 201 1200 269">
     <span class='ocr_line' id='line_1_1' title="bbox 1027 201 1200 269; baseline -0.006 -11"><span class='ocrx_word' id='word_1_1' title='bbox 1027 201 1200 269; x_wconf 70' lang='lat' dir='ltr'><strong>,‘.·.r.</strong></span> 
     </span>
    </p>
   </div>
   <div class='ocr_carea' id='block_1_2' title="bbox 198 252 726 331">
    <p class='ocr_par' dir='ltr' id='par_1_2' title="bbox 198 252 726 331">
     <span class='ocr_line' id='line_1_2' title="bbox 198 252 726 331; baseline 0 -23"><span class='ocrx_word' id='word_1_2' title='bbox 198 279 551 331; x_wconf 40' lang='lat' dir='ltr'><strong>.&#39;·‚·‚3‚.p·</strong></span> <span class='ocrx_word' id='word_1_3' title='bbox 662 252 726 270; x_wconf 36' lang='grc' dir='ltr'>ἰ</span> 
     </span>
    </p>
   </div>
   <div class='ocr_carea' id='block_1_3' title="bbox 186 306 1231 763">
    <p class='ocr_par' dir='ltr' id='par_1_3' title="bbox 186 306 1231 763">
     <span class='ocr_line' id='line_1_3' title="bbox 186 306 1006 443; baseline 0.009 -22"><span class='ocrx_word' id='word_1_4' title='bbox 186 306 292 437; x_wconf 64' lang='lat'><strong>‘294&#39;</strong></span> <span class='ocrx_word' id='word_1_5' title='bbox 446 357 614 426; x_wconf 75' lang='lat' dir='ltr'>LIBER</span> <span class='ocrx_word' id='word_1_6' title='bbox 637 363 673 443; x_wconf 86' lang='lat'><strong>1,</strong></span> <span class='ocrx_word' id='word_1_7' title='bbox 702 363 809 428; x_wconf 69' lang='lat' dir='ltr'><strong>rur.</strong></span> <span class='ocrx_word' id='word_1_8' title='bbox 833 363 1006 428; x_wconf 80' lang='lat' dir='ltr'><strong>xxru.</strong></span> 
     </span>
     <span class='ocr_line' id='line_1_4' title="bbox 496 503 900 592; baseline 0.007 -21"><span class='ocrx_word' id='word_1_9' title='bbox 496 503 500 507; x_wconf 89' lang='grc'><em>·</em></span> <span class='ocrx_word' id='word_1_10' title='bbox 547 508 900 592; x_wconf 64' lang='lat' dir='ltr'><strong>ecouxxvu.</strong></span> 
     </span>
     <span class='ocr_line' id='line_1_5' title="bbox 256 603 1231 763; baseline 0.003 -40"><span class='ocrx_word' id='word_1_11' title='bbox 256 603 323 726; x_wconf 64' lang='lat' dir='ltr'><strong>fV.</strong></span> <span class='ocrx_word' id='word_1_12' title='bbox 338 658 479 746; x_wconf 80' lang='lat' dir='ltr'>Reliqua</span> <span class='ocrx_word' id='word_1_13' title='bbox 492 663 704 763; x_wconf 66' lang='lat' dir='ltr'><strong>estqumstio,</strong></span> <span class='ocrx_word' id='word_1_14' title='bbox 720 664 809 752; x_wconf 83' lang='lat' dir='ltr'><strong>quid</strong></span> <span class='ocrx_word' id='word_1_15' title='bbox 824 665 871 728; x_wconf 76' lang='lat' dir='ltr'><strong>sit</strong></span> <span class='ocrx_word' id='word_1_16' title='bbox 891 663 1021 729; x_wconf 83' lang='lat' dir='ltr'><strong>Actor?</strong></span> <span class='ocrx_word' id='word_1_17' title='bbox 1033 636 1141 726; x_wconf 48' lang='lat' dir='ltr'><strong>actor</strong></span> <span class='ocrx_word' id='word_1_18' title='bbox 1159 660 1231 726; x_wconf 83' lang='lat' dir='ltr'><strong>alias</strong></span> 
     </span>
    </p>
   </div>
   <div class='ocr_carea' id='block_1_4' title="bbox 136 747 1312 2612">
    <p class='ocr_par' dir='ltr' id='par_1_4' title="bbox 136 747 1312 2612">
     <span class='ocr_line' id='line_1_6' title="bbox 210 747 1312 835; baseline -0.003 -19"><span class='ocrx_word' id='word_1_19' title='bbox 210 747 372 833; x_wconf 83' lang='lat' dir='ltr'><strong>significat</strong></span> <span class='ocrx_word' id='word_1_20' title='bbox 384 772 478 827; x_wconf 87' lang='lat' dir='ltr'><strong>cum,</strong></span> <span class='ocrx_word' id='word_1_21' title='bbox 495 773 553 835; x_wconf 83' lang='lat' dir='ltr'><strong>qur</strong></span> <span class='ocrx_word' id='word_1_22' title='bbox 569 753 606 816; x_wconf 92' lang='lat' dir='ltr'><strong>in</strong></span> <span class='ocrx_word' id='word_1_23' title='bbox 620 752 743 835; x_wconf 86' lang='lat' dir='ltr'><strong>judicio</strong></span> <span class='ocrx_word' id='word_1_24' title='bbox 757 754 918 818; x_wconf 80' lang='lat' dir='ltr'>actionem</span> <span class='ocrx_word' id='word_1_25' title='bbox 938 753 1085 818; x_wconf 74' lang='lat' dir='ltr'><strong>instituit.</strong></span> <span class='ocrx_word' id='word_1_26' title='bbox 1103 751 1165 816; x_wconf 90' lang='lat' dir='ltr'><strong>Sed</strong></span> <span class='ocrx_word' id='word_1_27' title='bbox 1183 751 1232 816; x_wconf 88' lang='lat' dir='ltr'><strong>hic</strong></span> <span class='ocrx_word' id='word_1_28' title='bbox 1310 795 1312 834; x_wconf 58' lang='lat' dir='ltr'><strong>t</strong></span> 
     </span>
     <span class='ocr_line' id='line_1_7' title="bbox 210 837 1311 928; baseline 0.001 -26"><span class='ocrx_word' id='word_1_29' title='bbox 210 839 310 927; x_wconf 85' lang='lat' dir='ltr'><strong>plane</strong></span> <span class='ocrx_word' id='word_1_30' title='bbox 324 837 388 902; x_wconf 92' lang='lat' dir='ltr'><strong>alio</strong></span> <span class='ocrx_word' id='word_1_31' title='bbox 401 857 494 903; x_wconf 87' lang='lat' dir='ltr'><strong>sensu</strong></span> <span class='ocrx_word' id='word_1_32' title='bbox 508 841 678 928; x_wconf 71' lang='lat' dir='ltr'><strong>accipitur.</strong></span> <span class='ocrx_word' id='word_1_33' title='bbox 695 843 752 906; x_wconf 84' lang='lat' dir='ltr'><strong>Est</strong></span> <span class='ocrx_word' id='word_1_34' title='bbox 767 841 855 906; x_wconf 90' lang='lat' dir='ltr'><strong>enim</strong></span> <span class='ocrx_word' id='word_1_35' title='bbox 868 843 922 906; x_wconf 91' lang='lat' dir='ltr'><strong>hio</strong></span> <span class='ocrx_word' id='word_1_36' title='bbox 938 854 1033 908; x_wconf 76' lang='lat' dir='ltr'><strong>actor·</strong></span> <span class='ocrx_word' id='word_1_37' title='bbox 1049 841 1232 905; x_wconf 81' lang='lat' dir='ltr'><strong>mandata-</strong></span> <span class='ocrx_word' id='word_1_38' title='bbox 1310 882 1311 922; x_wconf 51' lang='lat'>3</span> 
     </span>
     <span class='ocr_line' id='line_1_8' title="bbox 212 927 1310 1016; baseline -0.001 -23"><span class='ocrx_word' id='word_1_39' title='bbox 212 929 288 993; x_wconf 74' lang='lat' dir='ltr'><strong>rius</strong></span> <span class='ocrx_word' id='word_1_40' title='bbox 314 929 437 992; x_wconf 75' lang='lat' dir='ltr'><strong>tutoris</strong></span> <span class='ocrx_word' id='word_1_41' title='bbox 465 927 519 992; x_wconf 82' lang='lat' dir='ltr'><strong>vel</strong></span> <span class='ocrx_word' id='word_1_42' title='bbox 537 931 717 996; x_wconf 75' lang='lat' dir='ltr'><strong>curatoris.</strong></span> <span class='ocrx_word' id='word_1_43' title='bbox 738 929 1028 1016; x_wconf 80' lang='lat' dir='ltr'><strong>Quemadmodum</strong></span> <span class='ocrx_word' id='word_1_44' title='bbox 1047 930 1159 1006; x_wconf 87' lang='lat' dir='ltr'><strong>enim,</strong></span> <span class='ocrx_word' id='word_1_45' title='bbox 1180 927 1234 1014; x_wconf 88' lang='lat' dir='ltr'><strong>qui</strong></span> <span class='ocrx_word' id='word_1_46' title='bbox 1309 976 1310 980; x_wconf 65' lang='lat'><strong>,</strong></span> 
     </span>
     <span class='ocr_line' id='line_1_9' title="bbox 211 1015 1311 1108; baseline 0.001 -27"><span class='ocrx_word' id='word_1_47' title='bbox 211 1018 280 1108; x_wconf 89' lang='lat' dir='ltr'><strong>ipse</strong></span> <span class='ocrx_word' id='word_1_48' title='bbox 300 1015 477 1104; x_wconf 89' lang='lat' dir='ltr'><strong>injudicio</strong></span> <span class='ocrx_word' id='word_1_49' title='bbox 499 1018 548 1081; x_wconf 85' lang='lat' dir='ltr'><strong>vel</strong></span> <span class='ocrx_word' id='word_1_50' title='bbox 574 1031 665 1084; x_wconf 85' lang='lat' dir='ltr'><strong>extra</strong></span> <span class='ocrx_word' id='word_1_51' title='bbox 684 1019 846 1102; x_wconf 91' lang='lat' dir='ltr'><strong>judicium</strong></span> <span class='ocrx_word' id='word_1_52' title='bbox 864 1043 913 1084; x_wconf 85' lang='lat' dir='ltr'><strong>res</strong></span> <span class='ocrx_word' id='word_1_53' title='bbox 928 1043 1000 1086; x_wconf 79' lang='lat' dir='ltr'><strong>suas</strong></span> <span class='ocrx_word' id='word_1_54' title='bbox 1015 1017 1233 1084; x_wconf 87' lang='lat' dir='ltr'><strong>administrare</strong></span> <span class='ocrx_word' id='word_1_55' title='bbox 1310 1055 1311 1104; x_wconf 69' lang='lat'>3</span> 
     </span>
     <span class='ocr_line' id='line_1_10' title="bbox 210 1105 1310 1193; baseline 0 -23"><span class='ocrx_word' id='word_1_56' title='bbox 210 1107 347 1192; x_wconf 86' lang='lat' dir='ltr'><strong>nequit,</strong></span> <span class='ocrx_word' id='word_1_57' title='bbox 368 1129 441 1170; x_wconf 89' lang='lat' dir='ltr'><strong>suas</strong></span> <span class='ocrx_word' id='word_1_58' title='bbox 462 1105 546 1170; x_wconf 86' lang='lat' dir='ltr'><strong>vices</strong></span> <span class='ocrx_word' id='word_1_59' title='bbox 564 1107 739 1174; x_wconf 89' lang='lat' dir='ltr'><strong>demandat</strong></span> <span class='ocrx_word' id='word_1_60' title='bbox 756 1111 1000 1193; x_wconf 82' lang='lat' dir='ltr'><strong>procuratori.-</strong></span> <span class='ocrx_word' id='word_1_61' title='bbox 1019 1111 1063 1172; x_wconf 84' lang='lat' dir='ltr'><strong>ita</strong></span> <span class='ocrx_word' id='word_1_62' title='bbox 1085 1122 1174 1174; x_wconf 90' lang='lat' dir='ltr'><strong>tutor</strong></span> <span class='ocrx_word' id='word_1_63' title='bbox 1188 1107 1234 1172; x_wconf 81' lang='lat' dir='ltr'><strong>vel</strong></span> <span class='ocrx_word' id='word_1_64' title='bbox 1309 1177 1310 1184; x_wconf 8' lang='grc' dir='ltr'>χ</span> 
     </span>
     <span class='ocr_line' id='line_1_11' title="bbox 210 1196 1232 1285; baseline 0.001 -26"><span class='ocrx_word' id='word_1_65' title='bbox 210 1207 408 1285; x_wconf 82' lang='lat' dir='ltr'><strong>procurator</strong></span> <span class='ocrx_word' id='word_1_66' title='bbox 425 1208 504 1259; x_wconf 88' lang='lat' dir='ltr'><strong>tunc</strong></span> <span class='ocrx_word' id='word_1_67' title='bbox 520 1196 604 1260; x_wconf 82' lang='lat' dir='ltr'><strong>vices</strong></span> <span class='ocrx_word' id='word_1_68' title='bbox 623 1199 799 1262; x_wconf 88' lang='lat' dir='ltr'><strong>demandat</strong></span> <span class='ocrx_word' id='word_1_69' title='bbox 815 1201 924 1264; x_wconf 81' lang='lat' dir='ltr'><strong>actori</strong></span> <span class='ocrx_word' id='word_1_70' title='bbox 933 1249 945 1278; x_wconf 92' lang='lat'><strong>,</strong></span> <span class='ocrx_word' id='word_1_71' title='bbox 960 1201 989 1283; x_wconf 81' lang='lat'><strong>§.</strong></span> <span class='ocrx_word' id='word_1_72' title='bbox 1009 1200 1071 1262; x_wconf 84' lang='lat' dir='ltr'><strong>ult.</strong></span> <span class='ocrx_word' id='word_1_73' title='bbox 1093 1199 1182 1264; x_wconf 82' lang='lat' dir='ltr'><strong>Inst.</strong></span> <span class='ocrx_word' id='word_1_74' title='bbox 1202 1197 1232 1260; x_wconf 82' lang='lat' dir='ltr'><strong>b.</strong></span> 
     </span>
     <span class='ocr_line' id='line_1_12' title="bbox 191 1285 1234 1376; baseline -0.003 -26"><span class='ocrx_word' id='word_1_75' title='bbox 191 1297 237 1350; x_wconf 73' lang='lat'><strong>¹1.</strong></span> <span class='ocrx_word' id='word_1_76' title='bbox 254 1285 372 1352; x_wconf 90' lang='lat' dir='ltr'><strong>Videri</strong></span> <span class='ocrx_word' id='word_1_77' title='bbox 386 1285 457 1348; x_wconf 81' lang='lat' dir='ltr'><strong>baec</strong></span> <span class='ocrx_word' id='word_1_78' title='bbox 472 1298 601 1372; x_wconf 80' lang='lat' dir='ltr'><strong>possent</strong></span> <span class='ocrx_word' id='word_1_79' title='bbox 614 1287 744 1352; x_wconf 71' lang='lat' dir='ltr'><strong>subtiles</strong></span> <span class='ocrx_word' id='word_1_80' title='bbox 764 1287 939 1352; x_wconf 78' lang='lat' dir='ltr'><strong>verborum</strong></span> <span class='ocrx_word' id='word_1_81' title='bbox 953 1288 1131 1376; x_wconf 74' lang='lat' dir='ltr'><strong>captiones.</strong></span> <span class='ocrx_word' id='word_1_82' title='bbox 1151 1286 1234 1350; x_wconf 90' lang='lat' dir='ltr'><strong>Nam</strong></span> 
     </span>
     <span class='ocr_line' id='line_1_13' title="bbox 209 1374 1236 1462; baseline 0.001 -25"><span class='ocrx_word' id='word_1_83' title='bbox 209 1374 292 1460; x_wconf 91' lang='lat' dir='ltr'><strong>quid</strong></span> <span class='ocrx_word' id='word_1_84' title='bbox 305 1375 454 1454; x_wconf 85' lang='lat' dir='ltr'><strong>interest,</strong></span> <span class='ocrx_word' id='word_1_85' title='bbox 466 1376 531 1439; x_wconf 84' lang='lat' dir='ltr'><strong>sive</strong></span> <span class='ocrx_word' id='word_1_86' title='bbox 546 1388 790 1462; x_wconf 77' lang='lat' dir='ltr'><strong>procuratorem</strong></span> <span class='ocrx_word' id='word_1_87' title='bbox 812 1399 980 1454; x_wconf 87' lang='lat' dir='ltr'><strong>vocemus,</strong></span> <span class='ocrx_word' id='word_1_88' title='bbox 994 1379 1060 1442; x_wconf 84' lang='lat' dir='ltr'><strong>sive</strong></span> <span class='ocrx_word' id='word_1_89' title='bbox 1076 1375 1236 1440; x_wconf 79' lang='lat' dir='ltr'><strong>actorem?</strong></span> 
     </span>
     <span class='ocr_line' id='line_1_14' title="bbox 210 1463 1236 1550; baseline -0.002 -20"><span class='ocrx_word' id='word_1_90' title='bbox 210 1464 312 1550; x_wconf 80' lang='lat' dir='ltr'><strong>Rcsp.</strong></span> <span class='ocrx_word' id='word_1_91' title='bbox 336 1464 485 1529; x_wconf 87' lang='lat' dir='ltr'><strong>Omnino</strong></span> <span class='ocrx_word' id='word_1_92' title='bbox 504 1463 634 1528; x_wconf 83' lang='lat' dir='ltr'><strong>interest</strong></span> <span class='ocrx_word' id='word_1_93' title='bbox 654 1467 810 1530; x_wconf 90' lang='lat' dir='ltr'><strong>multum.</strong></span> <span class='ocrx_word' id='word_1_94' title='bbox 838 1471 883 1530; x_wconf 85' lang='lat'><strong>1⁰.</strong></span> <span class='ocrx_word' id='word_1_95' title='bbox 906 1467 1107 1532; x_wconf 81' lang='lat' dir='ltr'><strong>Procurator</strong></span> <span class='ocrx_word' id='word_1_96' title='bbox 1131 1465 1236 1542; x_wconf 90' lang='lat' dir='ltr'><strong>enim,</strong></span> 
     </span>
     <span class='ocr_line' id='line_1_15' title="bbox 210 1551 1235 1644; baseline 0 -28"><span class='ocrx_word' id='word_1_97' title='bbox 210 1565 251 1616; x_wconf 87' lang='lat' dir='ltr'><strong>ut</strong></span> <span class='ocrx_word' id='word_1_98' title='bbox 264 1551 349 1617; x_wconf 87' lang='lat' dir='ltr'><strong>infra</strong></span> <span class='ocrx_word' id='word_1_99' title='bbox 364 1553 568 1632; x_wconf 82' lang='lat' dir='ltr'><strong>docebimus,</strong></span> <span class='ocrx_word' id='word_1_100' title='bbox 582 1553 679 1618; x_wconf 89' lang='lat' dir='ltr'><strong>fiebat</strong></span> <span class='ocrx_word' id='word_1_101' title='bbox 693 1553 845 1618; x_wconf 89' lang='lat' dir='ltr'><strong>dominus</strong></span> <span class='ocrx_word' id='word_1_102' title='bbox 862 1553 944 1636; x_wconf 91' lang='lat' dir='ltr'><strong>litis,</strong></span> <span class='ocrx_word' id='word_1_103' title='bbox 960 1575 1038 1644; x_wconf 88' lang='lat' dir='ltr'><strong>ergo</strong></span> <span class='ocrx_word' id='word_1_104' title='bbox 1056 1578 1077 1620; x_wconf 89' lang='lat' dir='ltr'><strong>a</strong></span> <span class='ocrx_word' id='word_1_105' title='bbox 1095 1555 1164 1620; x_wconf 89' lang='lat' dir='ltr'><strong>solo</strong></span> <span class='ocrx_word' id='word_1_106' title='bbox 1179 1553 1235 1618; x_wconf 88' lang='lat' dir='ltr'><strong>do·</strong></span> 
     </span>
     <span class='ocr_line' id='line_1_16' title="bbox 210 1640 1237 1734; baseline 0 -27"><span class='ocrx_word' id='word_1_107' title='bbox 210 1643 304 1708; x_wconf 91' lang='lat' dir='ltr'><strong>mino</strong></span> <span class='ocrx_word' id='word_1_108' title='bbox 322 1643 473 1708; x_wconf 85' lang='lat' dir='ltr'><strong>constitui</strong></span> <span class='ocrx_word' id='word_1_109' title='bbox 487 1653 633 1731; x_wconf 88' lang='lat' dir='ltr'><strong>poterat,</strong></span> <span class='ocrx_word' id='word_1_110' title='bbox 651 1644 673 1707; x_wconf 75' lang='lat' dir='ltr'><em>L</em></span> <span class='ocrx_word' id='word_1_111' title='bbox 693 1668 729 1724; x_wconf 83' lang='lat'><strong>1,</strong></span> <span class='ocrx_word' id='word_1_112' title='bbox 733 1640 781 1734; x_wconf 84' lang='lat' dir='ltr'><em>ff</em></span> <span class='ocrx_word' id='word_1_113' title='bbox 798 1643 840 1710; x_wconf 82' lang='lat' dir='ltr'><strong>de</strong></span> <span class='ocrx_word' id='word_1_114' title='bbox 851 1669 1008 1730; x_wconf 81' lang='lat' dir='ltr'><strong>procons.</strong></span> <span class='ocrx_word' id='word_1_115' title='bbox 1025 1643 1135 1732; x_wconf 87' lang='lat' dir='ltr'><strong>Atqui</strong></span> <span class='ocrx_word' id='word_1_116' title='bbox 1153 1655 1237 1710; x_wconf 81' lang='lat' dir='ltr'><strong>tutor</strong></span> 
     </span>
     <span class='ocr_line' id='line_1_17' title="bbox 208 1731 1237 1818; baseline -0.002 -20"><span class='ocrx_word' id='word_1_117' title='bbox 208 1744 243 1798; x_wconf 88' lang='lat' dir='ltr'><strong>et</strong></span> <span class='ocrx_word' id='word_1_118' title='bbox 264 1745 397 1798; x_wconf 89' lang='lat' dir='ltr'><strong>curator</strong></span> <span class='ocrx_word' id='word_1_119' title='bbox 418 1755 487 1798; x_wconf 91' lang='lat' dir='ltr'><strong>non</strong></span> <span class='ocrx_word' id='word_1_120' title='bbox 505 1743 581 1795; x_wconf 90' lang='lat' dir='ltr'><strong>sunt</strong></span> <span class='ocrx_word' id='word_1_121' title='bbox 598 1731 743 1810; x_wconf 89' lang='lat' dir='ltr'><strong>domini,</strong></span> <span class='ocrx_word' id='word_1_122' title='bbox 766 1735 822 1798; x_wconf 88' lang='lat' dir='ltr'><strong>sed</strong></span> <span class='ocrx_word' id='word_1_123' title='bbox 844 1733 1143 1814; x_wconf 75' lang='lat' dir='ltr'><strong>administratores,</strong></span> <span class='ocrx_word' id='word_1_124' title='bbox 1164 1755 1237 1818; x_wconf 86' lang='lat' dir='ltr'><strong>ergo</strong></span> 
     </span>
     <span class='ocr_line' id='line_1_18' title="bbox 208 1823 1237 1914; baseline -0.002 -27"><span class='ocrx_word' id='word_1_125' title='bbox 208 1835 459 1914; x_wconf 86' lang='lat' dir='ltr'><strong>procuratorem</strong></span> <span class='ocrx_word' id='word_1_126' title='bbox 482 1823 675 1888; x_wconf 88' lang='lat' dir='ltr'><strong>constituere</strong></span> <span class='ocrx_word' id='word_1_127' title='bbox 695 1824 893 1912; x_wconf 86' lang='lat' dir='ltr'><strong>nequibant,</strong></span> <span class='ocrx_word' id='word_1_128' title='bbox 914 1823 970 1890; x_wconf 90' lang='lat' dir='ltr'><strong>sed</strong></span> <span class='ocrx_word' id='word_1_129' title='bbox 990 1837 1149 1890; x_wconf 83' lang='lat' dir='ltr'><strong>actorem.</strong></span> <span class='ocrx_word' id='word_1_130' title='bbox 1169 1823 1237 1888; x_wconf 87' lang='lat' dir='ltr'><strong>Ob-</strong></span> 
     </span>
     <span class='ocr_line' id='line_1_19' title="bbox 209 1913 1236 1998; baseline -0.003 -20"><span class='ocrx_word' id='word_1_131' title='bbox 209 1915 408 1978; x_wconf 83' lang='lat' dir='ltr'><strong>servandum</strong></span> <span class='ocrx_word' id='word_1_132' title='bbox 418 1913 527 1998; x_wconf 87' lang='lat' dir='ltr'><strong>itaquc</strong></span> <span class='ocrx_word' id='word_1_133' title='bbox 536 1913 771 1977; x_wconf 88' lang='lat' dir='ltr'><strong>vocabulorum</strong></span> <span class='ocrx_word' id='word_1_134' title='bbox 784 1913 969 1980; x_wconf 80' lang='lat' dir='ltr'><strong>discrimen.</strong></span> <span class='ocrx_word' id='word_1_135' title='bbox 978 1914 1144 1978; x_wconf 88' lang='lat' dir='ltr'><strong>Dominus</strong></span> <span class='ocrx_word' id='word_1_136' title='bbox 1154 1935 1236 1976; x_wconf 87' lang='lat' dir='ltr'><strong>cons·</strong></span> 
     </span>
     <span class='ocr_line' id='line_1_20' title="bbox 209 2001 1307 2092; baseline 0.001 -26"><span class='ocrx_word' id='word_1_137' title='bbox 209 2003 300 2066; x_wconf 86' lang='lat' dir='ltr'><strong>tituit</strong></span> <span class='ocrx_word' id='word_1_138' title='bbox 320 2013 603 2089; x_wconf 83' lang='lat' dir='ltr'><strong>procuratorem,</strong></span> <span class='ocrx_word' id='word_1_139' title='bbox 631 2001 1249 2092; x_wconf 37' lang='lat' dir='ltr'><strong>unitffiissftsfflfndt&#39;wmjutttrfflti&#39;</strong></span> <span class='ocrx_word' id='word_1_140' title='bbox 1306 2063 1307 2086; x_wconf 15' lang='grc' dir='ltr'><strong>ξ</strong></span> 
     </span>
     <span class='ocr_line' id='line_1_21' title="bbox 210 2087 1307 2181; baseline 0 -27"><span class='ocrx_word' id='word_1_141' title='bbox 210 2093 531 2180; x_wconf 54' lang='grc' dir='ltr'><strong>ουναῑοΓαπόνῖζῃξ</strong></span> <span class='ocrx_word' id='word_1_142' title='bbox 550 2087 829 2156; x_wconf 60' lang='lat' dir='ltr'><strong>3⁶.“i⁷r·&#39;oou1·ator</strong></span> <span class='ocrx_word' id='word_1_143' title='bbox 850 2091 1039 2181; x_wconf 85' lang='lat' dir='ltr'><strong>simpliciter</strong></span> <span class='ocrx_word' id='word_1_144' title='bbox 1065 2112 1234 2179; x_wconf 77' lang='lat' dir='ltr'><strong>personam</strong></span> <span class='ocrx_word' id='word_1_145' title='bbox 1306 2101 1307 2178; x_wconf 53' lang='lat' dir='ltr'>J</span> 
     </span>
     <span class='ocr_line' id='line_1_22' title="bbox 136 2179 1307 2268; baseline -0.003 -22"><span class='ocrx_word' id='word_1_146' title='bbox 136 2193 304 2246; x_wconf 36' lang='lat' dir='ltr'><strong>saeuam</strong></span> <span class='ocrx_word' id='word_1_147' title='bbox 319 2179 479 2266; x_wconf 76' lang='lat' dir='ltr'><strong>tegitituat</strong></span> <span class='ocrx_word' id='word_1_148' title='bbox 493 2180 659 2244; x_wconf 81' lang='lat' dir='ltr'><strong>nanndato</strong></span> <span class='ocrx_word' id='word_1_149' title='bbox 674 2181 806 2246; x_wconf 82' lang='lat' dir='ltr'><strong>domini</strong></span> <span class='ocrx_word' id='word_1_150' title='bbox 820 2208 831 2246; x_wconf 92' lang='lat'><strong>.·</strong></span> <span class='ocrx_word' id='word_1_151' title='bbox 846 2194 879 2246; x_wconf 89' lang='lat' dir='ltr'><strong>at</strong></span> <span class='ocrx_word' id='word_1_152' title='bbox 896 2194 987 2246; x_wconf 86' lang='lat' dir='ltr'><strong>actor</strong></span> <span class='ocrx_word' id='word_1_153' title='bbox 1004 2181 1138 2268; x_wconf 82' lang='lat' dir='ltr'><strong>duplici</strong></span> <span class='ocrx_word' id='word_1_154' title='bbox 1150 2179 1235 2246; x_wconf 82' lang='lat' dir='ltr'><strong>indi·</strong></span> <span class='ocrx_word' id='word_1_155' title='bbox 1305 2181 1307 2256; x_wconf 69' lang='lat' dir='ltr'>s</span> 
     </span>
     <span class='ocr_line' id='line_1_23' title="bbox 208 2269 1306 2359; baseline -0.002 -26"><span class='ocrx_word' id='word_1_156' title='bbox 208 2281 269 2357; x_wconf 74' lang='lat' dir='ltr'><strong>get</strong></span> <span class='ocrx_word' id='word_1_157' title='bbox 284 2269 544 2358; x_wconf 81' lang='lat' dir='ltr'><strong>legitimatione.</strong></span> <span class='ocrx_word' id='word_1_158' title='bbox 561 2269 670 2333; x_wconf 84' lang='lat' dir='ltr'><strong>Primo</strong></span> <span class='ocrx_word' id='word_1_159' title='bbox 681 2271 768 2334; x_wconf 90' lang='lat' dir='ltr'><strong>enim</strong></span> <span class='ocrx_word' id='word_1_160' title='bbox 783 2269 936 2359; x_wconf 89' lang='lat' dir='ltr'><strong>producit</strong></span> <span class='ocrx_word' id='word_1_161' title='bbox 945 2271 1143 2336; x_wconf 86' lang='lat' dir='ltr'><strong>mandatum</strong></span> <span class='ocrx_word' id='word_1_162' title='bbox 1154 2279 1236 2334; x_wconf 84' lang='lat' dir='ltr'><strong>acto-</strong></span> <span class='ocrx_word' id='word_1_163' title='bbox 1305 2275 1306 2323; x_wconf 71' lang='lat' dir='ltr'><strong>t</strong></span> 
     </span>
     <span class='ocr_line' id='line_1_24' title="bbox 210 2358 1236 2440; baseline -0.001 -18"><span class='ocrx_word' id='word_1_164' title='bbox 210 2358 319 2434; x_wconf 80' lang='lat' dir='ltr'><strong>rium,</strong></span> <span class='ocrx_word' id='word_1_165' title='bbox 343 2381 361 2421; x_wconf 90' lang='lat' dir='ltr'><strong>a</strong></span> <span class='ocrx_word' id='word_1_166' title='bbox 380 2369 486 2422; x_wconf 89' lang='lat' dir='ltr'><strong>tutore</strong></span> <span class='ocrx_word' id='word_1_167' title='bbox 510 2359 561 2422; x_wconf 87' lang='lat' dir='ltr'><strong>vel</strong></span> <span class='ocrx_word' id='word_1_168' title='bbox 582 2371 730 2426; x_wconf 84' lang='lat' dir='ltr'><strong>curatore</strong></span> <span class='ocrx_word' id='word_1_169' title='bbox 754 2361 891 2440; x_wconf 89' lang='lat' dir='ltr'><strong>datum;</strong></span> <span class='ocrx_word' id='word_1_170' title='bbox 911 2359 1026 2424; x_wconf 88' lang='lat' dir='ltr'><strong>deinde</strong></span> <span class='ocrx_word' id='word_1_171' title='bbox 1049 2359 1215 2424; x_wconf 73' lang='lat' dir='ltr'><strong>lutarium</strong></span> <span class='ocrx_word' id='word_1_172' title='bbox 1225 2403 1236 2434; x_wconf 89' lang='lat'><strong>,</strong></span> 
     </span>
     <span class='ocr_line' id='line_1_25' title="bbox 211 2327 1309 2587; baseline -0.002 -77"><span class='ocrx_word' id='word_1_173' title='bbox 211 2467 267 2510; x_wconf 88' lang='lat' dir='ltr'><strong>sen</strong></span> <span class='ocrx_word' id='word_1_174' title='bbox 287 2447 564 2546; x_wconf 71' lang='lat' dir='ltr'><strong>instrumentum,</strong></span> <span class='ocrx_word' id='word_1_175' title='bbox 588 2470 654 2536; x_wconf 88' lang='lat' dir='ltr'><strong>quo</strong></span> <span class='ocrx_word' id='word_1_176' title='bbox 674 2460 762 2514; x_wconf 87' lang='lat' dir='ltr'><strong>tutor</strong></span> <span class='ocrx_word' id='word_1_177' title='bbox 783 2449 833 2516; x_wconf 81' lang='lat' dir='ltr'><strong>rel</strong></span> <span class='ocrx_word' id='word_1_178' title='bbox 856 2460 989 2514; x_wconf 87' lang='lat' dir='ltr'><strong>curator</strong></span> <span class='ocrx_word' id='word_1_179' title='bbox 1007 2470 1027 2512; x_wconf 92' lang='lat' dir='ltr'><strong>a</strong></span> <span class='ocrx_word' id='word_1_180' title='bbox 1049 2447 1236 2536; x_wconf 83' lang='lat' dir='ltr'><strong>magistratu</strong></span> <span class='ocrx_word' id='word_1_181' title='bbox 1303 2327 1309 2587; x_wconf 59' lang='lat' dir='ltr'><strong>i</strong></span> 
     </span>
     <span class='ocr_line' id='line_1_26' title="bbox 210 2546 1180 2612; baseline -0.009 -11"><span class='ocrx_word' id='word_1_182' title='bbox 210 2546 258 2601; x_wconf 88' lang='lat' dir='ltr'><strong>est</strong></span> <span class='ocrx_word' id='word_1_183' title='bbox 272 2546 475 2612; x_wconf 75' lang='lat' dir='ltr'><strong>constitutus.</strong></span> <span class='ocrx_word' id='word_1_184' title='bbox 1176 2547 1180 2554; x_wconf 84' lang='grc'><strong>’</strong></span> 
     </span>
    </p>
   </div>
   <div class='ocr_carea' id='block_1_5' title="bbox 210 2653 1237 2840">
    <p class='ocr_par' dir='ltr' id='par_1_5' title="bbox 210 2653 1237 2840">
     <span class='ocr_line' id='line_1_27' title="bbox 251 2653 1237 2757; baseline -0.001 -21"><span class='ocrx_word' id='word_1_185' title='bbox 251 2682 325 2736; x_wconf 84' lang='lat' dir='ltr'><strong>Jure</strong></span> <span class='ocrx_word' id='word_1_186' title='bbox 348 2653 472 2747; x_wconf 82' lang='lat' dir='ltr'><strong>nostro,</strong></span> <span class='ocrx_word' id='word_1_187' title='bbox 490 2691 575 2736; x_wconf 89' lang='lat' dir='ltr'><strong>tutor</strong></span> <span class='ocrx_word' id='word_1_188' title='bbox 593 2691 692 2754; x_wconf 86' lang='lat' dir='ltr'><strong>petere</strong></span> <span class='ocrx_word' id='word_1_189' title='bbox 708 2691 807 2754; x_wconf 85' lang='lat' dir='ltr'><strong>potest</strong></span> <span class='ocrx_word' id='word_1_190' title='bbox 826 2692 860 2738; x_wconf 84' lang='lat' dir='ltr'><strong>ut</strong></span> <span class='ocrx_word' id='word_1_191' title='bbox 876 2680 931 2738; x_wconf 86' lang='lat' dir='ltr'><strong>sibi</strong></span> <span class='ocrx_word' id='word_1_192' title='bbox 945 2693 1028 2738; x_wconf 81' lang='lat' dir='ltr'><strong>actor</strong></span> <span class='ocrx_word' id='word_1_193' title='bbox 1041 2679 1237 2757; x_wconf 58' lang='lat' dir='ltr'><strong>adjungetur,</strong></span> 
     </span>
     <span class='ocr_line' id='line_1_28' title="bbox 210 2760 1208 2840; baseline -0.004 -18"><span class='ocrx_word' id='word_1_194' title='bbox 210 2763 265 2840; x_wconf 89' lang='lat' dir='ltr'><strong>qui</strong></span> <span class='ocrx_word' id='word_1_195' title='bbox 281 2762 375 2838; x_wconf 73' lang='lat' dir='ltr'><strong>ipsius</strong></span> <span class='ocrx_word' id='word_1_196' title='bbox 392 2761 501 2820; x_wconf 84' lang='lat' dir='ltr'><strong>tutoris</strong></span> <span class='ocrx_word' id='word_1_197' title='bbox 513 2761 647 2836; x_wconf 85' lang='lat' dir='ltr'><strong>periculo</strong></span> <span class='ocrx_word' id='word_1_198' title='bbox 660 2774 752 2838; x_wconf 81' lang='lat' dir='ltr'><strong>gerat.</strong></span> <span class='ocrx_word' id='word_1_199' title='bbox 769 2763 840 2818; x_wconf 79' lang='lat' dir='ltr'><strong>cod.</strong></span> <span class='ocrx_word' id='word_1_200' title='bbox 855 2765 937 2838; x_wconf 82' lang='lat' dir='ltr'><strong>Nap.</strong></span> <span class='ocrx_word' id='word_1_201' title='bbox 952 2778 1007 2820; x_wconf 83' lang='lat' dir='ltr'><strong>urt.</strong></span> <span class='ocrx_word' id='word_1_202' title='bbox 1019 2760 1083 2820; x_wconf 61' lang='grc'><strong>454</strong></span> <span class='ocrx_word' id='word_1_203' title='bbox 1093 2763 1208 2836; x_wconf 65' lang='lat' dir='ltr'><strong>influe.</strong></span> 
     </span>
    </p>
   </div>
   <div class='ocr_carea' id='block_1_6' title="bbox 535 2907 915 2994">
    <p class='ocr_par' dir='ltr' id='par_1_6' title="bbox 535 2907 915 2994">
     <span class='ocr_line' id='line_1_29' title="bbox 535 2907 915 2994; baseline 0 -22"><span class='ocrx_word' id='word_1_204' title='bbox 535 2911 567 2994; x_wconf 66' lang='lat' dir='ltr'><strong>r.</strong></span> <span class='ocrx_word' id='word_1_205' title='bbox 590 2907 915 2976; x_wconf 77' lang='lat' dir='ltr'><strong>ootxxvur.</strong></span> 
     </span>
    </p>
   </div>
   <div class='ocr_carea' id='block_1_7' title="bbox 206 3059 1312 4007">
    <p class='ocr_par' dir='ltr' id='par_1_7' title="bbox 206 3059 1312 4007">
     <span class='ocr_line' id='line_1_30' title="bbox 239 3059 1311 3151; baseline 0 -23"><span class='ocrx_word' id='word_1_206' title='bbox 239 3063 354 3150; x_wconf 86' lang='lat' dir='ltr'><strong>-Quod</strong></span> <span class='ocrx_word' id='word_1_207' title='bbox 380 3061 422 3128; x_wconf 90' lang='lat' dir='ltr'><strong>ad</strong></span> <span class='ocrx_word' id='word_1_208' title='bbox 447 3087 552 3128; x_wconf 79' lang='lat' dir='ltr'><strong>usum</strong></span> <span class='ocrx_word' id='word_1_209' title='bbox 567 3061 666 3147; x_wconf 90' lang='lat' dir='ltr'><strong>hujus</strong></span> <span class='ocrx_word' id='word_1_210' title='bbox 686 3059 771 3124; x_wconf 85' lang='lat' dir='ltr'><strong>tituli</strong></span> <span class='ocrx_word' id='word_1_211' title='bbox 795 3061 928 3142; x_wconf 87' lang='lat' dir='ltr'><strong>attinet,</strong></span> <span class='ocrx_word' id='word_1_212' title='bbox 949 3061 1060 3126; x_wconf 88' lang='lat' dir='ltr'><strong>omnia</strong></span> <span class='ocrx_word' id='word_1_213' title='bbox 1083 3063 1237 3151; x_wconf 88' lang='lat' dir='ltr'><strong>quidem,</strong></span> <span class='ocrx_word' id='word_1_214' title='bbox 1309 3059 1311 3118; x_wconf 71' lang='grc' dir='ltr'>Ϊ</span> 
     </span>
     <span class='ocr_line' id='line_1_31' title="bbox 209 3149 1312 3242; baseline 0 -26"><span class='ocrx_word' id='word_1_215' title='bbox 209 3172 283 3242; x_wconf 87' lang='lat' dir='ltr'><strong>quae</strong></span> <span class='ocrx_word' id='word_1_216' title='bbox 304 3153 467 3233; x_wconf 84' lang='lat' dir='ltr'><strong>diximus,</strong></span> <span class='ocrx_word' id='word_1_217' title='bbox 491 3153 598 3216; x_wconf 88' lang='lat' dir='ltr'><strong>adbuc</strong></span> <span class='ocrx_word' id='word_1_218' title='bbox 621 3150 852 3230; x_wconf 84' lang='lat' dir='ltr'><strong>observantur,</strong></span> <span class='ocrx_word' id='word_1_219' title='bbox 899 3163 993 3216; x_wconf 82' lang='lat' dir='ltr'><strong>raeter</strong></span> <span class='ocrx_word' id='word_1_220' title='bbox 1011 3174 1130 3239; x_wconf 87' lang='lat' dir='ltr'><strong>pauca.</strong></span> <span class='ocrx_word' id='word_1_221' title='bbox 1152 3153 1237 3216; x_wconf 87' lang='lat' dir='ltr'><strong>Nam</strong></span> <span class='ocrx_word' id='word_1_222' title='bbox 1308 3149 1312 3203; x_wconf 66' lang='grc' dir='ltr'><em>ἕ</em></span> 
     </span>
     <span class='ocr_line' id='line_1_32' title="bbox 213 3175 1237 3308; baseline -0.004 0"><span class='ocrx_word' id='word_1_223' title='bbox 213 3251 256 3308; x_wconf 83' lang='lat'><strong>1⁰.</strong></span> <span class='ocrx_word' id='word_1_224' title='bbox 282 3245 365 3306; x_wconf 86' lang='lat' dir='ltr'><strong>inter</strong></span> <span class='ocrx_word' id='word_1_225' title='bbox 385 3253 507 3307; x_wconf 90' lang='lat' dir='ltr'><strong>tutores</strong></span> <span class='ocrx_word' id='word_1_226' title='bbox 524 3252 557 3305; x_wconf 90' lang='lat' dir='ltr'><strong>et</strong></span> <span class='ocrx_word' id='word_1_227' title='bbox 574 3252 738 3304; x_wconf 87' lang='lat' dir='ltr'><strong>curatores</strong></span> <span class='ocrx_word' id='word_1_228' title='bbox 755 3239 851 3304; x_wconf 90' lang='lat' dir='ltr'><strong>hodie</strong></span> <span class='ocrx_word' id='word_1_229' title='bbox 871 3175 936 3306; x_wconf 67' lang='lat' dir='ltr'><strong>idre</strong></span> <span class='ocrx_word' id='word_1_230' title='bbox 956 3239 1039 3306; x_wconf 86' lang='lat' dir='ltr'><strong>nihil</strong></span> <span class='ocrx_word' id='word_1_231' title='bbox 1058 3254 1105 3308; x_wconf 85' lang='lat' dir='ltr'><strong>est</strong></span> <span class='ocrx_word' id='word_1_232' title='bbox 1126 3239 1237 3306; x_wconf 86' lang='lat' dir='ltr'><strong>diseri·</strong></span> 
     </span>
     <span class='ocr_line' id='line_1_33' title="bbox 208 3327 1312 3416; baseline -0.007 -20"><span class='ocrx_word' id='word_1_233' title='bbox 208 3331 316 3396; x_wconf 87' lang='lat' dir='ltr'><strong>minis.</strong></span> <span class='ocrx_word' id='word_1_234' title='bbox 342 3342 386 3394; x_wconf 83' lang='lat'><strong>2⁰.</strong></span> <span class='ocrx_word' id='word_1_235' title='bbox 406 3332 474 3415; x_wconf 86' lang='lat' dir='ltr'><strong>Qui</strong></span> <span class='ocrx_word' id='word_1_236' title='bbox 493 3343 582 3394; x_wconf 86' lang='lat' dir='ltr'><strong>tutor</strong></span> <span class='ocrx_word' id='word_1_237' title='bbox 600 3327 661 3392; x_wconf 89' lang='lat' dir='ltr'><strong>fuit</strong></span> <span class='ocrx_word' id='word_1_238' title='bbox 674 3379 682 3408; x_wconf 88' lang='lat'><strong>,</strong></span> <span class='ocrx_word' id='word_1_239' title='bbox 697 3329 899 3416; x_wconf 81' lang='lat' dir='ltr'><strong>,pierumque</strong></span> <span class='ocrx_word' id='word_1_240' title='bbox 917 3330 1016 3394; x_wconf 89' lang='lat' dir='ltr'><strong>etiam</strong></span> <span class='ocrx_word' id='word_1_241' title='bbox 1033 3343 1078 3394; x_wconf 86' lang='lat' dir='ltr'><strong>est</strong></span> <span class='ocrx_word' id='word_1_242' title='bbox 1095 3343 1235 3396; x_wconf 83' lang='lat' dir='ltr'><strong>curator.</strong></span> <span class='ocrx_word' id='word_1_243' title='bbox 1307 3334 1312 3388; x_wconf 72' lang='lat' dir='ltr'><strong>i</strong></span> 
     </span>
     <span class='ocr_line' id='line_1_34' title="bbox 209 3417 1234 3504; baseline -0.008 -17"><span class='ocrx_word' id='word_1_244' title='bbox 209 3422 257 3487; x_wconf 75' lang='lat'><strong>5⁰.</strong></span> <span class='ocrx_word' id='word_1_245' title='bbox 274 3417 309 3484; x_wconf 82' lang='grc' dir='ltr'><strong><em>Μ</em></strong></span> <span class='ocrx_word' id='word_1_246' title='bbox 312 3421 480 3503; x_wconf 86' lang='lat' dir='ltr'><strong>ajorennes</strong></span> <span class='ocrx_word' id='word_1_247' title='bbox 497 3419 591 3483; x_wconf 88' lang='lat' dir='ltr'><strong>hodie</strong></span> <span class='ocrx_word' id='word_1_248' title='bbox 608 3417 798 3504; x_wconf 87' lang='lat' dir='ltr'><strong>quibusdam</strong></span> <span class='ocrx_word' id='word_1_249' title='bbox 822 3419 899 3482; x_wconf 82' lang='lat' dir='ltr'><strong>locis</strong></span> <span class='ocrx_word' id='word_1_250' title='bbox 915 3417 998 3483; x_wconf 88' lang='lat' dir='ltr'><strong>fiunt</strong></span> <span class='ocrx_word' id='word_1_251' title='bbox 1020 3419 1136 3500; x_wconf 88' lang='lat' dir='ltr'><strong>citius,</strong></span> <span class='ocrx_word' id='word_1_252' title='bbox 1156 3441 1185 3484; x_wconf 86' lang='lat' dir='ltr'><strong>e.</strong></span> <span class='ocrx_word' id='word_1_253' title='bbox 1202 3435 1234 3503; x_wconf 83' lang='lat' dir='ltr'><strong>g.</strong></span> 
     </span>
     <span class='ocr_line' id='line_1_35' title="bbox 208 3505 1235 3598; baseline -0.004 -24"><span class='ocrx_word' id='word_1_254' title='bbox 208 3509 395 3593; x_wconf 80' lang='lat' dir='ltr'><strong>Hamburgi</strong></span> <span class='ocrx_word' id='word_1_255' title='bbox 413 3531 499 3572; x_wconf 89' lang='lat' dir='ltr'><strong>anno</strong></span> <span class='ocrx_word' id='word_1_256' title='bbox 513 3521 565 3573; x_wconf 84' lang='lat' dir='ltr'><strong>aet.</strong></span> <span class='ocrx_word' id='word_1_257' title='bbox 588 3505 649 3588; x_wconf 80' lang='lat'><strong>183</strong></span> <span class='ocrx_word' id='word_1_258' title='bbox 670 3508 705 3570; x_wconf 90' lang='lat' dir='ltr'><strong>in</strong></span> <span class='ocrx_word' id='word_1_259' title='bbox 725 3507 868 3572; x_wconf 85' lang='lat' dir='ltr'><strong>Saxonia</strong></span> <span class='ocrx_word' id='word_1_260' title='bbox 892 3529 979 3572; x_wconf 89' lang='lat' dir='ltr'><strong>anno</strong></span> <span class='ocrx_word' id='word_1_261' title='bbox 1003 3531 1065 3590; x_wconf 77' lang='lat'><strong>213</strong></span> <span class='ocrx_word' id='word_1_262' title='bbox 1083 3507 1119 3572; x_wconf 89' lang='lat' dir='ltr'><strong>iu</strong></span> <span class='ocrx_word' id='word_1_263' title='bbox 1141 3529 1235 3598; x_wconf 81' lang='lat' dir='ltr'><strong>supe·</strong></span> 
     </span>
     <span class='ocr_line' id='line_1_36' title="bbox 206 3595 1311 3684; baseline -0.004 -20"><span class='ocrx_word' id='word_1_264' title='bbox 206 3597 294 3664; x_wconf 86' lang='lat' dir='ltr'><strong>riore</strong></span> <span class='ocrx_word' id='word_1_265' title='bbox 309 3597 488 3662; x_wconf 86' lang='lat' dir='ltr'><strong>Germania</strong></span> <span class='ocrx_word' id='word_1_266' title='bbox 505 3620 592 3662; x_wconf 91' lang='lat' dir='ltr'><strong>anno</strong></span> <span class='ocrx_word' id='word_1_267' title='bbox 609 3618 669 3676; x_wconf 73' lang='lat'><strong>203</strong></span> <span class='ocrx_word' id='word_1_268' title='bbox 683 3610 751 3660; x_wconf 89' lang='lat' dir='ltr'><strong>tam</strong></span> <span class='ocrx_word' id='word_1_269' title='bbox 773 3595 861 3662; x_wconf 87' lang='lat' dir='ltr'><strong>varia</strong></span> <span class='ocrx_word' id='word_1_270' title='bbox 880 3607 925 3662; x_wconf 85' lang='lat' dir='ltr'><strong>est</strong></span> <span class='ocrx_word' id='word_1_271' title='bbox 942 3619 980 3662; x_wconf 90' lang='lat' dir='ltr'><strong>ea</strong></span> <span class='ocrx_word' id='word_1_272' title='bbox 1001 3595 1036 3662; x_wconf 91' lang='lat' dir='ltr'><strong>iu</strong></span> <span class='ocrx_word' id='word_1_273' title='bbox 1055 3620 1089 3661; x_wconf 89' lang='lat' dir='ltr'><strong>re</strong></span> <span class='ocrx_word' id='word_1_274' title='bbox 1104 3597 1232 3684; x_wconf 84' lang='lat' dir='ltr'><strong>praxis,</strong></span> <span class='ocrx_word' id='word_1_275' title='bbox 1310 3656 1311 3670; x_wconf 65' lang='grc'>,</span> 
     </span>
     <span class='ocr_line' id='line_1_37' title="bbox 210 3685 1311 3776; baseline 0 -24"><span class='ocrx_word' id='word_1_276' title='bbox 210 3688 285 3776; x_wconf 89' lang='lat' dir='ltr'><strong>quia</strong></span> <span class='ocrx_word' id='word_1_277' title='bbox 302 3685 368 3752; x_wconf 87' lang='lat' dir='ltr'><strong>fere</strong></span> <span class='ocrx_word' id='word_1_278' title='bbox 385 3687 547 3776; x_wconf 84' lang='lat' dir='ltr'><strong>pleraeque</strong></span> <span class='ocrx_word' id='word_1_279' title='bbox 586 3697 672 3752; x_wconf 88' lang='lat' dir='ltr'><strong>entes</strong></span> <span class='ocrx_word' id='word_1_280' title='bbox 688 3685 777 3750; x_wconf 88' lang='lat' dir='ltr'><strong>bunc</strong></span> <span class='ocrx_word' id='word_1_281' title='bbox 798 3708 926 3776; x_wconf 91' lang='lat' dir='ltr'><strong>quoque</strong></span> <span class='ocrx_word' id='word_1_282' title='bbox 938 3685 1022 3776; x_wconf 79' lang='lat' dir='ltr'><strong>juris</strong></span> <span class='ocrx_word' id='word_1_283' title='bbox 1035 3685 1168 3756; x_wconf 87' lang='lat' dir='ltr'><strong>titulum</strong></span> <span class='ocrx_word' id='word_1_284' title='bbox 1182 3706 1234 3752; x_wconf 82' lang='lat' dir='ltr'><strong>re-</strong></span> <span class='ocrx_word' id='word_1_285' title='bbox 1310 3759 1311 3772; x_wconf 11' lang='grc' dir='ltr'>χ</span> 
     </span>
     <span class='ocr_line' id='line_1_38' title="bbox 209 3709 1312 4007; baseline -0.003 -164"><span class='ocrx_word' id='word_1_286' title='bbox 209 3787 366 3870; x_wconf 88' lang='lat' dir='ltr'><strong>ceperunt</strong></span> <span class='ocrx_word' id='word_1_287' title='bbox 377 3777 473 3846; x_wconf 85' lang='lat' dir='ltr'><strong>salvis</strong></span> <span class='ocrx_word' id='word_1_288' title='bbox 484 3709 630 3844; x_wconf 66' lang='lat' dir='ltr'><strong>moninus</strong></span> <span class='ocrx_word' id='word_1_289' title='bbox 641 3776 764 3868; x_wconf 85' lang='lat' dir='ltr'><strong>patriis·</strong></span> <span class='ocrx_word' id='word_1_290' title='bbox 1302 3796 1312 4007; x_wconf 57' lang='lat' dir='ltr'><strong>p</strong></span> 
     </span>
    </p>
   </div>
   <div class='ocr_carea' id='block_1_8' title="bbox 0 0 1327 4504">
    <p class='ocr_par' dir='ltr' id='par_1_8' title="bbox 0 0 1327 4504">
     <span class='ocr_line' id='line_1_39' title="bbox 0 0 1327 4504; baseline 0 0"><span class='ocrx_word' id='word_1_291' title='bbox 0 0 1327 4504; x_wconf 95' lang='lat' dir='ltr'><strong> </strong></span> 
     </span>
    </p>
   </div>
  </div>
 </body>
</html>
