2646 4496
177 383 301 471 Quis.
320 381 710 454 Monrsrusrnrn.
728 357 833 453 ror‘.
850 385 988 452 sonv.
1032 375 1097 473 237·
1148 380 1183 406 ν
1245 361 1246 364 ‘

13 525 15 568 t
77 527 140 570 mus
151 507 271 572 relictis
289 509 415 572 duobus
433 507 526 590 filiis,
545 509 688 574 secundo
706 519 738 572 et
756 507 871 590 tertio,
894 530 936 572 ex
955 507 1097 572 secundo

13 591 14 610 ³
77 595 187 660 duobus
199 598 388 686 nepotibus,
400 611 517 686 quarto
528 610 560 662 et
571 598 686 686 quinto
697 647 706 677 ,
717 619 760 662 ex
771 609 890 686 quarto
903 609 1098 686 pronepote,

76 697 166 750 sexto.
187 687 270 752 Jam‘
288 687 323 751 hi
344 703 468 752 omnes
482 688 517 751 in
543 688 643 775 primi
664 698 819 775 potestate
839 697 932 750 erant
951 698 1100 774 tempore

13 785 15 834 ἰ
76 776 197 856 mortis,
221 777 382 841 moriente
410 798 488 862 ergo
510 777 585 857 illo,
612 775 772 840 secundus
800 787 832 840 et
855 777 968 840 tertius
994 776 1101 864 patria

75 875 218 952 potestate
241 865 444 946 liberantur,
470 867 545 952 quia
568 877 644 929 sunt
669 865 768 952 primi
791 865 929 951 gradus:
949 876 1100 952 quartus,

75 953 214 1040 quintus,
226 967 336 1034 sextus
347 955 625 1035 nonliberantur,
638 955 801 1042 quissent
812 955 1008 1021 ulteriorum
1021 976 1102 1040 gra-

77 1045 192 1124 duum,
219 1045 275 1110 sed
300 1044 451 1120 recidunt
474 1044 509 1107 in
532 1055 723 1132 potestatem
749 1043 892 1108 secundi.
923 1043 1104 1129 Fingamus

73 1130 135 1217 jam
158 1145 190 1197 et
214 1133 398 1198 secundum
421 1133 525 1213 mori,
553 1145 631 1196 tunc
653 1155 730 1197 sane
754 1145 890 1220 quartus
913 1144 945 1196 et
971 1135 1105 1220 quintus

13 1257 15 1302 q
76 1221 203 1286 exibunt
223 1245 241 1287 e
267 1224 370 1310 patria
389 1234 561 1310 potestate,
581 1233 694 1310 utpote
714 1223 811 1310 primi
831 1222 975 1308 gradus,
995 1234 1105 1287 sextus

13 1305 15 1372 i
75 1309 106 1372 in
119 1312 224 1397 quarti
241 1321 432 1400 potestatem
446 1311 585 1390 recidet,
601 1333 670 1376 non
690 1314 779 1400 prius
798 1311 983 1377 liberandus
1002 1333 1105 1398 quam

13 1397 14 1404 '
78 1411 184 1484 quarto
199 1413 345 1466 mortuo.
364 1399 437 1489 (ll.)
453 1401 555 1466 Mors
572 1401 692 1466 civilis.
708 1400 730 1463 i.
747 1423 775 1464 e.
793 1399 906 1488 capitis
924 1399 1105 1466 deminutio

78 1489 214 1554 maxima
236 1503 270 1555 et
290 1490 417 1572 media,
439 1511 512 1578 quae
531 1490 629 1555 morti
652 1489 892 1576 aequiparatur,
913 1489 937 1552 l.
958 1511 1047 1575 209,
1056 1489 1105 1579 ff

79 1577 114 1640 cle
127 1577 213 1668 Reg.
230 1581 260 1644 J
259 1603 313 1644 ur.
327 1568 392 1644 Per
403 1579 586 1644 maximam
600 1580 691 1644 enim
704 1578 776 1665 quis
791 1577 888 1642 fiebat
899 1599 1009 1643 servus
1021 1629 1030 1657 ,
1043 1601 1105 1667 per
1129 1617 1134 1621 -

14 1713 15 1736 2
78 1667 210 1732 mediam
225 1668 429 1757 peregrinus.
441 1669 542 1756 Atqui
554 1689 613 1733 uec
623 1689 734 1734 servus
744 1689 804 1731 nec
817 1667 1006 1756 peregrinus
1039 1679 1106 1732 ote-

78 1767 123 1818 rat
135 1757 281 1844 aliquem
295 1757 414 1822 habero
425 1759 460 1822 in
473 1769 627 1846 potestate
637 1779 738 1844 „crgo
752 1757 807 1820 illa
819 1757 869 1821 bis
878 1756 991 1845 capitis
1000 1691 1108 1821 ‹limi-

13 1899 14 1924 3
77 1844 259 1910 notionibus
272 1846 466 1930 solvebatur.
492 1845 582 1936 (ΙΙΙ.)
597 1845 706 1910 Etiam
720 1845 858 1911 minima
873 1845 986 1932 capitis
1000 1845 1107 1910 demi·
1199 1903 1200 1906 ,

78 1924 205 2001 riulione
215 1936 299 2001 solvi
308 1936 428 2000 dicitur
441 1936 543 2024 patrie
559 1947 696 2024 potestas
704 1986 714 2015 ‚
722 1959 789 2021 per
803 1935 1021 2021 adoptionem
1030 1936 1072 2020 pt
1089 1971 1107 1984 ·

79 2043 172 2104 nom,
184 2027 209 2090 si
219 2025 416 2092 adscendens
425 2023 670 2091 descendentem
683 2025 833 2112 adoptat,
846 2037 878 2090 et
887 2045 945 2112 per
955 2025 1109 2088 emanci-

74 2106 268 2198 pationem,
283 2114 309 2178 si
320 2115 391 2202 quis
402 2113 509 2179 filium
520 2137 616 2178 suum
628 2137 645 2178 e
658 2125 811 2202 potestate
823 2135 878 2178 sua
891 2113 1034 2177 dimittit.
1044 2113 1109 2177 Sed

79 2201 161 2286 prior
176 2200 296 2270 modus
307 2203 410 2290 magis
419 2203 569 2268 transfert
581 2205 722 2291 patriam
733 2214 923 2292 potestatem
934 2225 1033 2288 quam
1044 2203 1110 2267 sol—

80 2289 122 2356 vit
132 2317 141 2355 ε
152 2293 314 2382 posterior
326 2294 459 2384 proprie
475 2315 548 2361 eam
564 2293 746 2374 solvit3'sed
762 2293 801 2358 de
813 2315 849 2358 ea
867 2293 979 2383 paullo
994 2303 1076 2380 post.

479 2446 704 2533 coxon.

119 2621 297 2702 Vidimus,
314 2618 455 2708 patriam
476 2629 665 2706 potestatem
687 2617 768 2682 solvi
790 2617 896 2683 media
919 2619 1032 2706 capitis
1051 2619 1111 2686 de·
1175 2645 1177 2649 ’

80 2703 280 2790 minutione,
300 2733 363 2796 que
383 2709 520 2774 civitatis
538 2709 612 2793 jura
638 2707 857 2784 amittuntur3
877 2707 911 2770 id
930 2709 1018 2795 quod
1035 2713 1110 2792 jure

84 2799 233 2866 Romano
252 2799 291 2865 fit
307 2820 365 2886 per
384 2819 477 2884 aquae
499 2809 530 2862 et
548 2797 631 2882 ignis
650 2797 929 2875 interdictionem,
954 2798 1108 2885 deporta·
1196 2801 1204 2814 ’“

83 2889 203 2956 tionem
229 2889 278 2955 vel
306 2888 454 2954 exitium.
480 2887 532 2953 Sic
557 2886 754 2950 inexilium
778 2908 797 2950 a
822 2887 859 2950 P.
883 2885 997 2953 Clodio
1021 2900 1113 2951 actus

82 2977 194 3046 Cicero
217 2980 328 3043 omnia
350 2979 425 3062 jura
448 2977 585 3040 civitatis
611 2975 716 3038 amisit
739 2985 772 3038 et
795 2975 983 3064 peregrinus
1007 2974 1111 3040 lactus

82 3081 143 3148 ost,
167 3071 313 3156 adeoque
334 3078 366 3131 et
387 3065 530 3155 petriam
556 3075 748 3154 potestatem
769 3065 851 3150 juris
875 3063 1020 3127 Romani
1042 3087 1111 3129 non
1173 3103 1178 3116 ι

83 3161 221 3250 amplius
239 3156 385 3233 exercuit
404 3157 439 3220 in
454 3155 560 3220 filium
579 3165 610 3219 et
625 3153 728 3219 liliam
738 3203 747 3232 ,
764 3153 867 3217 donec
882 3151 1038 3239 suffragiis
1051 3177 1112 3242 po·
1178 3233 1184 3248 Ι

79 3251 149 3332 puli
158 3249 391 3316 restitueretur.
400 3245 569 3329 Quaeritur
578 3245 700 3330 itaque,
710 3265 751 3306 un
764 3255 796 3307 et
808 3243 969 3329 relegatio
980 3243 1113 3308 solverit

86 3341 223 3422 petriam
246 3335 463 3428 potestatem?
488 3333 527 3398 Id
547 3355 623 3399 vero
642 3333 840 3420 negandum.
865 3332 955 3414 Inter
975 3333 1113 3398 exilium

86 3429 171 3494 enim
192 3441 224 3492 et
246 3426 476 3512 relegationem
497 3423 641 3488 multum
662 3424 802 3487 interest.
830 3421 916 3485 Illud
928 3423 1003 3508 jura
1029 3425 1114 3494 civi·-

85 3522 159 3584 tatis
178 3518 292 3582 adimit
317 3527 350 3581 et
371 3515 505 3579 exulem
526 3513 642 3598 redigit
663 3513 702 3576 ad
724 3511 990 3600 peregrinitatem
1006 3537 1015 3591 3
1030 3513 1111 3584 ¹hrao

88 3609 217 3690 quidem
233 3610 286 3696 jus
305 3607 340 3670 in
359 3604 439 3668 urbe
458 3601 686 3666 commorandi
703 3601 839 3681 adimit,
859 3601 913 3666 sed
934 3603 1023 3666 salvo
1041 3606 1116 3688 jure

89 3696 232 3762 civitatis.
252 3696 304 3760 Sic
319 3718 347 3760 e.
363 3715 394 3780 g.
411 3691 548 3760 Ovidius
562 3692 602 3756 ab
624 3691 776 3776 Augusto
795 3692 837 3754 ob
856 3691 1027 3772 delictum,
1043 3699 1115 3754 nes—

89 3785 137 3850 cio
153 3787 238 3874 quod
253 3835 261 3864 ,
276 3786 436 3869 relegatus
454 3779 561 3845 fuerat
577 3781 613 3845 in
631 3781 793 3858 Pontum,
808 3782 861 3844 sed
876 3802 945 3844 non
967 3779 1039 3844 ideo
1059 3779 1115 3844 de-

89 3873 207 3942 sinebat
220 3897 283 3941 esse
299 3874 377 3939 civis
396 3875 586 3950 Romanus,
602 3870 689 3933 unde
703 3869 770 3956 ipse
789 3869 926 3934 exilium
940 3880 971 3934 et
988 3870 1115 3955 relega-

88 3961 208 4033 tionem
225 3975 375 4034 accnrate
389 3961 575 4050 distinguit,
591 3959 714 4047 sibique
727 3962 930 4045 gratuletur,
947 3961 1033 4044 quod
1047 3981 1116 4030 nou
1188 3985 1196 3996 ’·
1279 4031 1282 4038 .
