2710 4504
437 227 791 344 ruo'unrun.
1085 277 1128 364 s,

545 443 578 528 ς.
603 439 682 508 111.

147 601 313 674 'Hactenus
329 604 402 696 pris
415 629 491 695 pure
508 605 681 698 prooemii,
698 625 763 694 que
778 627 989 686 ceunae,cur
1003 604 1131 695 Corpus

114 689 339 760 Justinienenm
355 695 541 761 confectum
557 697 616 777 sit,
630 693 881 784 'exponebantur
898 721 906 759 ι
925 695 995 778 jem
1018 695 1057 760 de
1080 697 1129 760 al·

113 789 187 864 tera,
203 807 265 870 qua
282 785 321 849 de
335 797 467 851 auctore
481 785 570 850 istius
583 785 696 854 eterni
712 786 818 874 operis
836 784 973 872 agimus.
990 783 1131 850 Confec-

113 879 176 934 tum
188 873 269 938 illud
285 885 333 938 est
344 875 493 964 auspiciis
505 875 697 952 iustiniani,
712 875 752 940 de
766 874 860 957 cuius
869 873 1001 962 ingenio
1014 875 1046 960 §-
1060 873 1131 958 111,

110 970 140 1023 et
150 960 241 1027 rebus
252 964 349 1050 gestis
360 966 392 1050 §.
405 965 478 1046 tv,
494 965 644 1052 quedem
659 962 853 1031 disserimus.

147 1063 220 1130 Fuit
236 1066 437 1132 Justiuienus
454 1065 599 1132 obscurus
615 1066 765 1154 originis,
781 1075 876 1154 gente
893 1065 1063 1154 illyricus,
1075 1065 1131 1132 sed

110 1147 264 1221 aicrtunu
280 1156 322 1221 ad
340 1177 509 1222 summum
526 1156 612 1222 inter
632 1155 781 1222 homiues
799 1153 966 1242 fastigium
988 1169 1130 1222 evectus:

111 1241 217 1328 Quum
239 1245 330 1312 enim
348 1246 416 1333 ejus
435 1246 638 1326 avunculus,
658 1245 823 1324 tustinus,
842 1245 1132 1328 anteesubulcus3

110 1332 223 1399 militiae
234 1331 361 1400 nomen
375 1333 529 1416 dedisset,
543 1357 581 1412 ec
595 1357 655 1424 per
667 1355 781 1400 omnes
796 1334 920 1399 militiae
938 1335 1058 1422 gradus
1077 1335 1135 1400 de·

110 1443 195 1488 mum
209 1424 252 1489 ed
265 1424 513 1514 imperatoriam
527 1424 718 1510 dignitatem
736 1422 948 1512 pervenisset,
963 1422 998 1487 in
1014 1424 1135 1490 sororis

108 1507 203 1576 lilium
225 1511 396 1604 adoptavit
411 1511 604 1602 imperiique
621 1525 828 1593 consortem,
845 1513 898 1578 rel
918 1523 954 1576 ut
973 1523 1054 1602 tuuc
1073 1535 1136 1578 vo-

109 1599 261 1668 cabantur
270 1653 281 1685 ,
315 1603 559 1670 Nobilissimum
585 1601 748 1668 Cursarem
771 1601 866 1666 dixit.
893 1603 1028 1668 Mortuo
1055 1596 1137 1690 ergo

109 1687 227 1757 iustine
242 1693 330 1758 solus
343 1713 456 1760 rerum
478 1693 598 1782 potitus
617 1690 696 1758 XL.
712 1713 829 1756 *annos
845 1690 1039 1780 imperavit,
1058 1711 1137 1757 om·

109 1799 219 1868 resque
230 1794 309 1848 ente
321 1803 354 1847 se
367 1782 530 1871 principes
538 1779 688 1848 fettetun
697 1792 847 1846 etrcrum
857 1775 1020 1865 gestamur
1030 1779 1136 1868 glorie

108 1873 276 1957 superavit.
293 1871 346 1936 De
360 1871 459 1956 hujus
471 1871 580 1958 imque
596 1869 755 1960 principis
766 1868 914 1934 moribus
929 1869 1054 1934 diversa
1071 1869 1134 1934 ed-

107 1959 328 2026 modumeunt
347 1971 494 2026 veterum
505 1981 544 2025 ec
559 1957 779 2024 recentiorum
790 1958 989 2046 scriptorum
998 1958 1133 2042 judicie.

108 2047 225 2116 Omnes
242 2061 366 2116 veteres
379 2071 457 2114 eum
471 2049 625 2128 laudent,
643 2047 838 2114 recentiores
850 2047 886 2112 in
900 2046 1018 2112 cetum
1032 2050 1136 2113 extol·

108 2134 192 2222 lunt,
214 2151 438 2230 praeterquam
460 2137 609 2227 pontifici
632 2138 787 2204 Romano
809 2135 941 2202 addicti.
965 2137 1028 2202 Sed
1049 2159 1139 2202 unus

107 2238 148 2290 en
163 2251 206 2294 ex
226 2227 415 2310 veteribus,
431 2229 641 2316 Procopius,
657 2227 732 2314 qui,
748 2247 828 2293 eum
844 2227 880 2292 in
895 2225 1048 2292 omnibus
1062 2249 1137 2316 ope-

105 2315 187 2384 ribus
204 2318 273 2384 suis
294 2318 485 2405 ingenium,
504 2315 734 2408 prudentium,
754 2315 950 2406 probit'atcm
974 2327 1007 2381 et
1028 2316 1137 2380 virtu·

106 2416 158 2470 tes‘
172 2407 351 2474 luciniani
377 2407 539 2487 celebret,
567 2417 676 2495 posteo
707 2405 834 2496 scripsit
858 2403 1004 2484 librum,
1034 2427 1135 2492 quem

106 2494 285 2564 Anecdotc
291 2497 439 2569 vocavite
453 2495 511 2584 qui
525 2517 604 2562 cum
618 2495 753 2560 eruditis
767 2493 843 2560 Nic.
861 2494 1040 2560 Alemanni
1050 2497 1135 2560 notis

105 2586 219 2670 prodiit
232 2587 350 2676 Lugcl.
368 2585 472 2665 16²5,
490 2581 606 2687 ire-sol.
620 2585 660 2648 ln
674 2584 737 2650 hoc
754 2584 976 2649 Justinienum
986 2583 1137 2672 depinxit
1178 2632 1183 2636 -

105 2682 272 2765 tamquam
284 2675 466 2764 principem
474 2673 640 2753 stolidum,
650 2673 749 2738 uxori
761 2673 925 2739 meretrici
935 2672 1136 2756 obnoxium,

106 2783 260 2845 ererum,
275 2765 433 2856 impium,
444 2776 478 2829 et
491 2763 642 2828 omnibus
660 2763 745 2827 vitiis
763 2763 1038 2827 contuminetum.
1055 2763 1137 2828 lude

106 2873 194 2922 neree
207 2856 291 2922 lites.
308 2853 404 2920 Edito
420 2853 510 2919 enim
529 2853 593 2918 hoc
609 2869 707 2942 opere
724 2851 780 2918 alii
795 2852 866 2916 haec
883 2852 1033 2939 Procopii
1047 2863 1137 2915 tam·

106 2963 200 3027 quem
214 2967 259 3010 ex
273 2943 402 3034 tripode
416 2942 501 3008 dicte
515 2952 743 3030 susceperunt,
767 2941 822 3005 ulii
837 2963 873 3005 ea
890 2939 1033 3006 habuere
1050 2953 1137 3005 tum·

105 3051 201 3117 quam
215 3032 408 3098 calumnias.
423 3034 468 3098 Et
481 3029 559 3096 hinc
573 3038 702 3096 exstent
716 3028 820 3094 Gabr.
841 3028 988 3093 'frivorii
1011 3029 1136 3096 Obser-

105 3125 193 3190 verto
204 3149 228 3188 a
254 3123 418 3214 olcgeticu
427 3141 559 3208 ,nuper
571 3120 606 3184 in
621 3119 787 3207 thsujur.
804 3130 886 3182 tom.
899 3117 943 3197 1,
958 3140 1085 3196 recusa,
1101 3131 1135 3186 et

104 3208 152 3274 lo.
168 3147 322 3298 Eiclielii,
338 3209 565 3276 iurisconsulti
580 3208 710 3288 eximii,
728 3205 906 3296 Apologia
919 3209 1135 3274 etvanimad·

104 3302 270 3368 versiones
285 3303 324 3366 in
341 3299 485 3384 Rrocop.
503 3298 643 3363 Helmst.
665 3295 768 3377 1654,
788 3296 881 3362 ier-4.
893 3296 1007 3376 edite,
1018 3297 1137 3385 quibus

105 3389 274 3456 iustiniani
285 3387 409 3455 famem
419 3389 572 3454 adversus
581 3386 782 3476 Procopium
793 3385 961 3473 vindieure
971 3387 1135 3454 nituntur.

105 3479 192 3564 Quid
203 3479 303 3568 ergo?
317 3478 446 3544 Nervus
459 3488 557 3566 etque
572 3487 661 3542 artus
674 3475 840 3564 sapientie
854 3488 918 3556 est,
933 3497 1002 3540 non
1015 3487 1136 3546 temere

105 3570 243 3638 credere.
261 3569 338 3634 Non
358 3565 421 3632 fuit
434 3566 636 3644 lustinienus
657 3588 677 3630 u
701 3563 801 3632 naevis
821 3575 854 3630 et
868 3564 957 3630 vitiis.
967 3565 1135 3632 immunis.

107 3655 325 3726 Adhaeserunt
347 3657 408 3748 ipsi
431 3656 506 3722 vitiu
531 3654 684 3744 quedem
707 3675 784 3720 sene
811 3677 881 3719 non
905 3654 1012 3735 levia,
1036 3657 1137 3722 veluti

105 3745 293 3836 obsequium
306 3769 383 3834 erge
397 3745 606 3812 Theodorum
615 3765 776 3824 uxorem,
790 3743 962 3810 mulierem
974 3744 1136 3810 scenicam

106 3847 136 3900 et
149 3837 351 3930 improbam,
366 3837 466 3906 luxus
478 3845 512 3903 et
526 3833 771 3922 magnificentie
786 3833 904 3915 nimia,
912 3834 958 3990 Iip
970 3835 1137 3914 mutandis

931 3924 940 3967 ¹¹
957 3921 976 3988 5
