2646 4496
238 329 300 398 248
493 331 655 398 LIBER
681 329 716 412 1,
741 329 849 398 TIT.
872 329 999 400 XIII.

235 441 288 506 sed
309 437 544 506 administratio
558 439 633 530 ipsis
647 455 718 509 non
730 439 928 508 conceditur.
945 437 1054 506 Potius
1066 437 1179 504 intereo
1188 459 1241 503 cu·

236 541 326 594 rotor
335 527 557 609 constituitur,
569 531 673 594 donec
683 527 989 616 fiautmajorennes‚
999 527 1240 616 velresipiscant,

237 619 290 682 vei
305 619 422 692 audire,
436 629 468 682 et
481 617 572 704 loqui
588 619 757 707 coeperint.
781 618 881 705 Quod
898 620 923 684 si
943 630 1051 684 autem
1068 628 1153 682 tutor
1171 616 1243 699 iegi-

237 708 337 772 timus
350 707 401 772 vel
412 706 540 772 dativus
551 707 751 773 minorenuis
766 708 825 788 sit,
840 709 890 772 vol
906 705 1060 788 furiosus,
1074 707 1124 772 vel
1142 707 1244 770 surdus

235 807 268 862 ct
284 807 394 860 mutus
404 818 415 875 3
427 818 495 860 non
510 795 547 878 iit
564 807 674 862 tutor:
687 797 763 878 vel,
781 795 808 860 si
828 795 931 862 factus
949 798 1007 878 sit,
1024 808 1057 862 et
1074 806 1177 885 postea
1197 793 1243 856 in-
1304 811 1305 826 ¹

239 885 340 973 cipiet
354 883 514 967 insanire,
535 886 586 951 vel
604 885 720 951 surdus
738 895 889 952 mutusve
910 886 1002 966 fieri,
1027 885 1133 952 statim
1144 881 1245 950 finitur
1271 899 1274 908 ’

240 975 340 1039 tutele
353 1023 364 1052 ,
377 985 411 1040 ct
421 974 501 1038 clius
516 986 605 1038 tutor
624 973 842 1040 constituitur.
865 977 947 1040 Haec
964 974 1137 1042 differentis
1156 970 1246 1062 probe

238 1063 458 1144 observando,
478 1085 552 1150 quoe
574 1059 827 1130 fiendamentum
845 1064 942 1130 hebet
960 1065 996 1130 iu
1025 1063 1049 1130 1.
1072 1087 1109 1129 ro
1121 1112 1132 1147 ,
1155 1063 1184 1148 5.
1201 1080 1246 1148 7,
1305 1069 1306 1124 1

228 1151 277 1241 ff
295 1153 337 1218 de
358 1177 469 1218 exous.
489 1163 591 1216 tector.
621 1190 628 1206 ι

279 1293 493 1374 marmiren]
511 1294 657 1372 uternis.
676 1293 749 1354 Cod.
767 1299 847 1372 Nap.
859 1310 914 1353 art.
926 1294 996 1356 388.

279 1377 394 1430 Furiosi
403 1389 434 1432 et
443 1390 537 1432 mente
548 1373 656 1454 rapui]
677 1378 708 1434 Si
728 1377 856 1435 minores
876 1378 954 1446 sint,
974 1377 1071 1434 tuteiae
1092 1371 1248 1452 subjacent3
1306 1373 1307 1392 ¹

236 1457 263 1516 ci
272 1456 399 1529 majores
408 1500 418 1528 ,
432 1457 473 1513 eis
490 1457 675 1514 interdicitur
692 1459 841 1516 honorum
857 1479 981 1516 suorum
998 1453 1216 1514 administratio.

279 1539 378 1596 Potius
390 1539 500 1596 intere&
510 1553 625 1597 curator
636 1539 837 1619 constituitur]
850 1541 913 1597 Hoc
924 1539 995 1614 jure
1007 1552 1110 1596 nostro
1121 1536 1182 1593 fieri
1197 1552 1250 1590 nou
1307 1546 1308 1600 t

238 1631 358 1698 potest3
378 1632 432 1678 aut
448 1621 526 1677 enim
540 1633 625 1678 tutor
643 1632 815 1680 testamento
832 1623 919 1679 datus
935 1623 1033 1678 tutelae
1052 1640 1143 1696 capax
1158 1627 1212 1685 est,
1227 1625 1251 1670 ct
1307 1615 1308 1682 1

238 1704 339 1760 statim
364 1702 534 1760 confirmari
561 1703 672 1772 debet3
693 1715 746 1761 aut
771 1705 901 1761 muneris
924 1702 1056 1762 obeundi
1089 1703 1203 1776 impar,
1227 1705 1253 1750 et
1307 1711 1308 1742 ³

238 1795 313 1843 tuuc
333 1785 409 1842 eiius
428 1785 565 1844 absolute
579 1785 696 1843 dandus
714 1797 768 1844 est.

640 1941 671 2026 §-
701 1939 871 2006 ccvii.

284 2101 462 2183 Vidimus,
477 2101 534 2189 qui
547 2111 668 2167 tutores
678 2101 749 2166 deri
761 2111 895 2190 possunt
906 2127 914 2164 ε
922 2099 994 2188 jem
1005 2097 1178 2188 queritur,
1192 2093 1251 2184 qni·
1308 2089 1309 2136 1

242 2191 391 2258 duonum
405 2191 532 2258 dentur
548 2192 699 2256 tutores?
712 2191 764 2254 Ex
782 2190 967 2256 definitione
983 2201 1093 2256 nostre
1108 2191 1139 2276 5.
1159 2181 1252 2252 coln
1309 2247 1310 2284 p

238 2277 669 2369 respondemus=copitibnc
680 2277 795 2346 liberis
799 2329 812 2360 ,
823 2303 902 2368 quse
910 2304 945 2346 sc
960 2290 1080 2366 sponte
1090 2275 1254 2366 defendere
1309 2331 1310 2356 p

190 2359 209 2414 1
241 2393 310 2435 non
318 2381 477 2456 possunt.
499 2369 580 2434 Inde
593 2390 672 2433 vero
686 2367 794 2434 fluunt
807 2369 829 2434 4
842 2367 1083 2434 conclusiones:
1096 2366 1254 2456 (tyrann

190 2437 340 2540 flidatur
360 2456 517 2543 primario
530 2478 674 2546 personae
686 2507 694 2538 ,
706 2480 773 2522 non
784 2458 879 2548 rebus
889 2507 900 2540 ,
911 2459 942 2544 5.
961 2455 986 2522 4
994 2507 1004 2536 ,
1020 2458 1111 2522 Inst.
1124 2455 1183 2544 qui
1191 2459 1254 2550 tert.
1308 2471 1310 2542 p

170 2538 226 2624 ,⁸⁶
242 2557 307 2626 tnt.
327 2545 400 2612 dot.
420 2557 453 2609 et
470 2547 507 2610 in
521 2568 560 2610 eo
581 2557 674 2612 tutor
692 2545 830 2612 differta
846 2558 1005 2616 curatore
1013 2595 1025 2626 ,
1039 2546 1097 2632 qui
1113 2543 1255 2634 primane
1308 2601 1310 2616 2

240 2635 307 2716 rei,
334 2656 403 2699 nou
421 2656 569 2728 personne
580 2635 687 2700 datur.
710 2635 795 2702 Dico
814 2648 924 2702 autem
935 2683 946 2716 ‚
959 2645 1082 2700 tutores
1093 2629 1254 2722 primario
1308 2623 1310 2726 ξ

240 2725 311 2790 duri
328 2744 497 2812 personae·,
514 2747 593 2792 num
603 2723 793 2792 secundario
807 2726 906 2790 etism
919 2746 972 2800 res
985 2735 1019 2789 et
1031 2717 1256 2812 patrimonium
1309 2727 1310 2760 ³

241 2813 360 2906 pupilli
374 2813 612 2880 administrent.
635 2813 697 2878 Sed
721 2836 781 2878 cur
807 2813 871 2880 hoc
886 2824 1055 2904 receptum¹
1077 2823 1124 2878 est.
1143 2803 1256 2898 princi·
1308 2889 1310 2896 .

241 2903 358 2994 pium?
370 2903 459 2990 Quia
473 2904 507 2968 in
521 2903 707 2968 definitione
721 2903 819 2970 tutela
833 2903 948 2968 diserte
960 2911 1095 2968 vocetur
1108 2899 1155 2968 ris
1165 2908 1195 2962 et
1205 2915 1257 2984 po·
1308 2903 1310 2964 1

182 3051 185 3056 Α
205 3043 208 3048 Α
241 3005 337 3058 testes
350 2992 386 3058 in
403 2993 528 3081 capite,
548 3014 614 3058 non
636 2992 672 3057 in
685 2993 756 3078 ejus
768 2991 881 3074 rebus,
896 2992 948 3057 vel
958 2990 1166 3080 patrimonio.
1182 2983 1256 3072 (ll.)

211 3126 221 3160 i
244 3081 392 3147 Patrem
412 3081 553 3148 habenti
574 3093 667 3146 tutor
682 3104 752 3146 non
768 3081 893 3160 datur,
911 3079 935 3146 l.
948 3081 1013 3166 239
1025 3078 1085 3170 ‚ff
1103 3079 1142 3144 de
1163 3075 1198 3140 V
1200 3119 1208 3136 .
1225 3070 1256 3134 S·
1308 3123 1310 3132 ,

241 3169 311 3236 Cur
329 3169 420 3236 hoc?
446 3170 491 3260 (a)
506 3171 603 3259 quic,
625 3171 707 3236 dum
726 3182 819 3260 poter
832 3171 932 3250 vivit,
960 3168 1046 3234 fitius
1065 3169 1139 3232 satis
1158 3160 1257 3238 defen·
1308 3167 1310 3190 ¹

243 3259 352 3340 ditur,
368 3257 413 3346 (β)
430 3261 529 3347 quia,
543 3261 630 3345 ‚dum
649 3270 740 3348 pater
756 3260 857 3340 vivit,
876 3257 960 3324 filius
978 3258 1014 3322 iu
1033 3255 1103 3346 ejus
1115 3260 1257 3344 potestate

242 3347 344 3426 vivit,
360 3347 504 3435 adeoque
517 3371 586 3414 non
602 3359 648 3412 est
661 3360 761 3436 ceput
769 3349 908 3430 liberunt
921 3367 975 3428 seu
989 3347 1089 3412 homo
1107 3341 1255 3428 suijuris,

244 3435 286 3498 ad
295 3458 375 3522 quos
383 3436 465 3500 solos
475 3437 573 3503 tutelo
583 3437 733 3525 pertinet.
747 3437 962 3525 (III.)2§c,ryo
973 3445 1066 3512 tutor
1077 3433 1257 3502 condatur,

244 3523 269 3588 1.
290 3545 342 3606 ¹7.
348 3521 399 3614 ff
412 3523 455 3588 de
468 3535 531 3590 tut.
548 3525 620 3590 dut.
643 3525 684 3590 ob
704 3526 1045 3607 eumdemputionem,
1060 3523 1135 3612 quie
1156 3538 1257 3586 servus

242 3625 290 3677 est
302 3613 338 3678 in
354 3623 508 3702 potestate
521 3613 685 3680 dominica
703 3615 796 3696 heri,
810 3616 954 3701 adeoque
970 3635 1038 3678 uon
1051 3621 1098 3678 est
1113 3619 1206 3700 caput
1218 3604 1255 3668 li-

243 3701 378 3781 berum,
391 3723 468 3789 ergo
481 3725 539 3768 nec
551 3715 695 3769 tutorem
701 3703 821 3772 habere
829 3715 944 3794 potest.
960 3698 1066 3792 (tv.)
1080 3695 1255 3784 Peregrina

216 3804 220 3835 ²
245 3803 339 3856 tutor
350 3791 552 3858 nonciatur.
567 3793 635 3868 At,
647 3793 755 3880 inquis
763 3843 774 3875 ,
788 3795 843 3858 hic
854 3791 1037 3881 qnoque,si
1049 3788 1185 3880 pupillus
1194 3792 1253 3856 tsi,
1308 3843 1310 3890 t

165 3930 169 3938 .
244 3879 423 3946 defensione
440 3881 582 3970 indiget,
597 3893 690 3948 otest
706 3903 782 3949 sune
804 3894 904 3974 ceput
924 3881 1082 3962 liberum,
1102 3877 1175 3966 quio
1194 3890 1254 3936 non
