2644 4504
229 305 294 372 er,
473 291 708 395 tranat,
735 311 845 379 rm.
869 310 1017 380 xxu.

224 415 313 480 tione
330 415 507 484 tollebatur
528 420 575 509 (S.
597 399 712 507 3η).
733 421 797 488 sed
813 443 920 509 quum
936 421 1031 488 hodie
1044 445 1101 513 per
1119 419 1238 488 Novel-

159 519 195 542 ··
226 501 298 568 lom
317 509 389 586 aa,
407 531 436 570 c.
455 504 538 589 «ta,
558 510 656 574 etiam
675 511 806 596 cognati
826 509 906 575 fiunt
928 523 1048 578 tutores
1067 514 1114 599 (5.
1134 510 1238 598 aaa),
1310 539 1311 542 ¹

224 596 377 678 cognatio
389 607 502 662 autem
513 598 652 664 minime
665 601 778 689 capitia
791 599 1013 668 deminutione
1024 624 1092 666 non
1105 601 1219 665 tollitur
1230 625 1239 664 z

224 681 303 748 hinc
316 683 414 750 hodie
430 698 529 750 cessat
542 689 710 778 exceptio,
721 701 753 754 et
767 689 955 754 universalia
968 690 1005 756 fit
1019 691 1143 776 regula,
1157 699 1241 754 tutor

227 773 413 839 minimam
423 799 553 861 paeana
567 779 691 866 capitia
702 779 975 846 deminutionem
990 780 1133 846 tutelam
1145 799 1240 844 num-
1311 813 1312 822 κ

225 883 332 948 quum
345 865 486 930 amittit

265 1006 341 1065 Vide
358 1023 458 1067 notam
471 1011 515 1066 ad
528 1009 555 1091 S.
569 1031 649 1088 seqq.

634 1166 665 1249 ς.
689 1162 842 1230 cccx.

232 1309 236 1325 ’
270 1313 401 1380 Tertius
417 1316 555 1399 modus,
577 1340 643 1404 quo
659 1317 772 1382 finitur
788 1315 907 1398 tutela,
922 1326 969 1381 est
982 1314 1165 1381 Pubertm.
1181 1311 1243 1378 Da·

224 1413 281 1466 tur
299 1403 388 1468 enim
403 1417 512 1486 tutor,
527 1407 603 1495 quia
621 1407 763 1496 pupillus
776 1407 919 1493 propter
934 1417 1074 1471 oetatem
1089 1429 1125 1470 ae
1139 1405 1242 1490 ipiaam

224 1490 399 1578 defhndere
420 1507 540 1582 epontc
567 1497 694 1586 nequit.
715 1497 764 1560 Ea
789 1514 867 1563 vero
886 1505 986 1560 cessat
1005 1495 1112 1575 ratio,
1136 1492 1242 1578 sijum

220 1580 316 1668 justae
334 1583 375 1647 sit
393 1586 516 1667 aetatis,
540 1587 592 1652 rel
613 1584 724 1676 pubes.
747 1585 836 1672 Ergo
856 1596 936 1650 tunc
954 1595 987 1650 et
1004 1584 1106 1648 tutela
1127 1580 1242 1646 finitur.

222 1669 287 1734 Sed
306 1675 481 1758 quaeritur,
497 1675 628 1763 quando
648 1677 720 1762 quis
737 1673 794 1739 fiat
813 1673 935 1763 pubet?
954 1673 1020 1738 Hic
1039 1674 1077 1738 lie
1093 1670 1154 1737 fuit
1167 1671 1243 1734 inter

144 1821 167 1846 ,‚
221 1771 344 1828 veteres
361 1776 470 1828 sectas.
496 1765 700 1836 Praecidam
720 1763 925 1852 pubertatem
942 1763 1166 1828 aestimandam
1186 1781 1243 1848 pu-

186 1847 209 1866 ‘’
222 1839 338 1914 ‘labant
351 1875 394 1918 ex
409 1855 554 1942 corporis
571 1855 684 1920 habitu
697 1879 705 1918 ε
716 1853 882 1926 sabiniam
895 1875 938 1917 ex
952 1855 1044 1917 annia
1056 1897 1066 1934 ,
1079 1871 1194 1946 nempe
1207 1871 1219 1912 1

222 1939 257 2002 in
273 1943 443 2020 masculis,
462 1965 500 2008 12
514 1942 700 2009 tutaminis.
717 1943 892 2008 Javolenus
906 1941 1051 2023 Priscus,
1066 1943 1156 2028 quasi
1169 1959 1242 2033 con·
1311 1995 1312 2034 ἐ

221 2028 390 2096 ciliaturus
412 2032 471 2097 hos
493 2033 731 2113 dissentientes,
753 2044 931 2119 utrumque
954 2031 1091 2120 putabat
1115 2048 1244 2118 conjun·
1311 2093 1312 2128 ,

222 2121 379 2204 gendum.
397 2121 476 2206 Qua'
489 2122 529 2188 de
543 2146 578 2188 re
593 2134 723 2188 exstant
740 2122 806 2186 duo
819 2123 883 2186 loci
902 2121 955 2186 hic
972 2118 1159 2186 conferendi
1175 2135 1242 2181 om-

221 2207 313 2273 nino.
333 2211 429 2275 Unus
447 2211 582 2300 Ulpiani
604 2213 640 2278 in
660 2213 809 2300 Frugm.
837 2211 914 2276 Tit(
929 2211 996 2289 II,
1019 2212 1049 2296 §.
1075 2212 1131 2274 28.
1155 2204 1242 2270 Alter
1309 2287 1310 2294 ἵ

223 2299 311 2385 apud
328 2299 480 2366 Servium
494 2303 529 2366 in
544 2303 654 2367 Sahal.
675 2303 722 2366 ad
738 2301 780 2366 V
777 2301 869 2388 trgtt.
892 2300 1035 2366 AEneid.
1060 2297 1121 2363 lib.
1146 2295 1185 2361 V
1181 2294 1226 2360 II
1230 2341 1240 2372 ,
1306 2329 1310 2368 ,

221 2409 256 2449 o.
275 2391 348 2470 93,
371 2401 403 2452 rt
426 2391 547 2478 dialog.
574 2391 709 2470 Vm,
723 2415 754 2454 a.
779 2387 837 2454 34.
860 2389 923 2454 aed
945 2388 1145 2454 Justinianua
1166 2385 1243 2449 hanc
1305 2368 1311 2459 Ι

223 2473 316 2539 litem
333 2473 480 2543 delinivit
494 2481 528 2544 in
550 2481 636 2568 Lag.
647 2477 720 2567 fin.
743 2479 781 2544 C.
805 2479 946 2568 quando
968 2483 1030 2543 tut.
1051 2501 1122 2542 ease
1144 2474 1241 2540 deria.

103 2566 104 2580 ¹
223 2576 258 2630 et
269 2588 326 2652 pr.
345 2567 435 2632 Inet.
452 2569 486 2634 a.
505 2580 528 2633 t.
549 2581 581 2634 et
602 2568 793 2634 sententiam
808 2568 1061 2633 Sabinianorum
1075 2563 1244 2632 coufirma-

223 2653 281 2720 vit.
306 2655 349 2719 Et
370 2668 459 2722 recte
479 2655 634 2745 quidem,
655 2658 709 2723 sed
732 2658 774 2722 ita
798 2669 909 2722 temen
921 2707 931 2738 ,
955 2669 992 2722 ut
1013 2679 1083 2722 uon
1106 2655 1243 2751 videatur

220 2743 403 2834 imperator
426 2747 654 2812 Proculeianos
675 2747 878 2812 intellexisse.
900 2746 990 2812 Dicit
1007 2745 1120 2825 enim,
1144 2739 1242 2842 saecul!

223 2837 272 2898 aui
295 2833 420 2923 pudore
439 2836 610 2925 indignam
630 2859 694 2902 esee
713 2835 936 2902 indecoramc
1000 2835 1064 2900 oris
1080 2835 1244 2922 iuspectto·

223 2945 326 3004 nem,
348 2947 412 3012 qua
434 2926 640 3014 pubertatem
665 2926 902 3015 explorandam
923 2858 1099 3008 jiidicarint
1125 2923 1244 3018 Proeu3

221 3012 330 3078 teiam.
347 3015 410 3079 Sed
426 3015 563 3082 habitae
579 3019 748 3106 corporis,
768 3037 810 3080 ex
829 3038 895 3102 quo
916 3011 1073 3080 Proculus
1087 3011 1243 3100 explorari

221 3101 327 3168 voluit
343 3104 569 3193 pubertatem,
587 3127 656 3170 non
672 3105 799 3170 videtur
821 3103 1000 3191 significare
1019 3101 1240 3196 inspectionem

220 3192 367 3281 partium
387 3196 628 3276 verendarum,
650 3195 703 3260 sed
724 3195 851 3259 extenti
874 3191 1019 3282 corporis
1037 3191 1185 3267 habitus,
1206 3206 1244 3248 aa

220 3281 290 3346 soil.
309 3282 408 3347 barba
425 3285 651 3375 propullulett
667 3307 711 3360 an
730 3305 797 3349 vox
815 3282 872 3350 fiat
890 3283 1035 3348 mascula
1043 3282 1066 3348 t·
1076 3282 1115 3346 ta
1134 3273 1242 3366 explo-

220 3370 289 3434 rari
310 3371 469 3456 jubebant
495 3374 710 3440 Proculeieni.
740 3371 821 3439 Vid.
848 3373 997 3460 Antiqa.
1017 3371 1131 3438 Romi
1161 3367 1192 3432 lt.
1216 3369 1238 3426 l·

223 3457 387 3545 Equidem
413 3463 462 3528 ·V.
487 3463 533 3527 A.
559 3465 658 3528 Corn.
688 3484 754 3529 van
778 3459 1046 3550 Bynkerahoeck’,
1067 3459 1239 3554 'Obaeract

224 3545 284 3612 lib.
312 3549 400 3630 III,
425 3575 453 3612 c.
482 3550 528 3616 24
541 3602 552 3630 ,
579 3565 612 3618 et
637 3551 858 3637 Gundlin'giue
886 3553 923 3615 in
952 3547 1238 3639 Gundlt'ngiunui
1307 3577 1308 3580 ¹

223 3637 327 3703 Part.
344 3639 506 3720 XXIV,
527 3642 609 3706 dier.
625 3664 651 3730 y
660 3690 672 3720 ,
693 3662 825 3729 operose
841 3640 1000 3729 probant,
1020 3635 1239 3730 inspectionem

226 3726 446 3794 verendarum
459 3731 604 3818 partium
616 3731 695 3795 olim
710 3731 846 3794 omnino
859 3742 892 3792 et
905 3729 939 3792 in
954 3727 1171 3824 exploratione
1183 3739 1240 3810 pu·

225 3815 360 3882 bertatis
384 3831 548 3907 receptum
570 3817 676 3885 fuisse.
700 3821 762 3886 Sed
787 3815 897 3884 omnia
918 3818 1069 3905 exempla
1091 3813 1239 3906 pertinent

222 3905 271 3968 ad
289 3909 480 3996 quaestiones
495 3911 673 4001 nuptiales,
689 3931 719 3974 e.
741 3931 775 3996 g.
792 3908 820 3976 ai
835 3908 875 3974 lis
889 3918 958 3976 erat
968 3930 1039 3993 ,au
1059 3921 1187 3998 spamus
1201 3903 1237 3960 ⁸¹²
1306 3973 1307 3984 ,
