2644 4504
85 435 103 460 -·
185 412 249 480 DE
268 413 483 484 RER.DIV·
500 415 560 480 ET
577 411 1030 502 ADQUAEARAEOMIN.
1055 413 1119 480 525
1201 486 1206 492 ,

99 522 241 588 maxime
260 525 436 605 cavebant,
454 547 496 589 ne
513 547 602 590 sacra
616 527 785 630 peregrina
803 529 838 590 in
857 525 1020 590 civitatem
1039 525 1123 588 reci-

9 650 12 661 .
98 625 262 696 parentur.
280 615 436 680 Potuisset
450 626 559 678 autem
571 615 604 678 id
616 614 687 680 beri
702 638 802 700 quam
821 613 990 695 facillime,
1011 614 1037 678 si
1056 614 1123 677 sin-

99 699 178 782 gulis
203 703 337 790 privatis
357 705 580 788 concessissent
605 703 785 770 libertatem
807 726 895 774 sacra
918 704 977 768 sibi
1001 703 1125 768 consti-

98 791 219 856 tuendi.
238 795 327 858 Hinc
348 817 391 858 ex
409 793 508 858 Corn.
534 795 625 880 Nep.
645 795 704 858 vit.
725 793 902 859 Alcibiud.
921 806 1038 858 notum
1055 805 1121 874 est,

90 879 306 946 ¹Alcibiadem
324 882 364 946 ab
382 883 631 949 Atheniensibus
653 881 725 948 ideo
748 883 828 949 diris
848 884 1021 962 devotum,
1039 893 1070 946 et
1088 883 1125 948 in
1150 899 1158 914 '

98 969 234 1036 exilium
254 973 395 1052 eiectum
415 969 526 1054 fuisse,
551 971 638 1060 quod
654 973 808 1060 mysteria
823 967 930 1037 fecisse
948 973 1125 1054 diceretur,

99 1057 120 1121 i.
129 1080 157 1122 e.
171 1057 260 1145 qriod
271 1084 359 1125 sacra
372 1061 522 1148 quaedam
534 1083 592 1124 suo
603 1060 736 1126 arbitrio
751 1061 810 1124 sibi
824 1063 1045 1126 constituisset.
1060 1061 1124 1126 So·
1145 1077 1146 1080 ’

100 1157 220 1211 cratem
243 1150 343 1213 iidem
365 1152 470 1213 cicuta
492 1149 710 1230 sustulerunt,
731 1151 804 1239 quia
832 1163 997 1215 accusatus
1026 1162 1125 1230 esset,

100 1237 185 1322 quod
198 1238 296 1318 deos,
320 1260 400 1326 quos
418 1237 529 1302 civitas
544 1238 702 1319 habebat,
723 1235 789 1328 ipse
805 1261 873 1303 non
893 1239 1047 1320 haberet,
1070 1239 1125 1304 sed

2 1323 3 1398 i
99 1325 194 1397 aliosi
214 1329 264 1391 uti
286 1328 380 1413 docet
402 1327 507 1414 Diog.
530 1327 704 1392 Laertius.
729 1329 833 1414 Apud
855 1327 1022 1395 Romanos
1040 1326 1128 1393 idem

2 1433 3 1438 ’
99 1416 293 1480 severissime
311 1417 539 1494 observatum,
563 1413 614 1481 vel
633 1417 823 1504 exemplum
840 1417 1129 1482 bacchanaliorum

46 1515 47 1518 ’
99 1497 279 1586 docet,'ob
302 1527 374 1592 quae
396 1505 550 1594 privatim
566 1503 691 1570 invecta
711 1507 815 1568 multa
831 1507 933 1570 millia
953 1507 1129 1572 hominum

99 1585 259 1682 supplicio
271 1595 400 1684 capitali
415 1591 524 1657 affecta
539 1593 666 1682 prolixe
680 1593 777 1658 refert
796 1593 865 1658 Tit.
883 1593 960 1660 Ltv.
980 1595 1039 1661 tib.
1054 1599 1126 1673 38,

99 1705 173 1768 cap.
189 1689 213 1750 8
230 1706 322 1774 seqq.
342 1696 374 1748 et
400 1683 513 1770 Ampl.
529 1685 628 1748 Corn.
646 1705 708 1748 vau
727 1684 960 1769 Bynkershoek
978 1685 1015 1748 in
1031 1707 1130 1772 opus-

100 1769 173 1836 culo
190 1771 349 1860 'singulari
366 1766 407 1838 de
423 1771 585 1860 religione
596 1773 793 1860 peregrina.
811 1771 941 1836 Publice
960 1795 1038 1859 ergo
1049 1795 1132 1838 con·

2 1921 3 1928 ,
98 1864 262 1927 sacrandas
277 1873 370 1927 erant
381 1881 556 1938 ressacrae,
571 1861 593 1922 i.
607 1863 639 1924 e.
652 1861 781 1948 publica
798 1859 999 1926 auctoritate.
1015 1861 1130 1926 Habe-

2 1949 3 2022 l
100 1945 178 2014 bant
198 1951 333 2040 quidem
355 1950 499 2026 Romani
517 1947 605 2012 domi
622 1971 687 2012 suae
709 1971 797 2014 sacra
814 1950 939 2038 privata
954 1963 985 2016 et
999 1951 1131 2036 gentilia
1156 2019 1159 2026 ,

2 2043 3 2126 ᾗ
100 2037 237 2104 deorum
258 2041 425 2128 penatium
442 2049 474 2104 et
490 2037 625 2118 larium,
646 2037 762 2124 quibus
776 2038 811 2102 in
827 2039 890 2102 suis
908 2041 1041 2128 quis'que
1054 2039 1131 2103 aedi-
1160 2072 1167 2110 i

2 2149 3 2212 p
100 2125 159 2192 bus
172 2129 370 2208 simulacra,
391 2127 494 2208 lbcos,
509 2149 595 2206 aras,
612 2127 766 2192 sacrificia
779 2129 972 2193 statuebant.
986 2130 1049 2193 Sed
1061 2130 1131 2194 haec
1158 2126 1169 2226 ξ

2 2217 3 2290 J
100 2223 211 2283 tamen
224 2241 314 2282 sacra
331 2241 396 2282 non
413 2217 538 2306 privata
550 2217 740 2280 auctoritate
755 2217 1053 2304 constituebantur,
1077 2217 1132 2283 sed
1160 2235 1171 2284 t

2 2347 3 2374 i
100 2307 232 2398 publica
255 2329 273 2371 a
290 2303 506 2396 pontificibus.
520 2305 553 2369 Si
571 2305 642 2390 quis
661 2307 749 2370 enim
767 2307 922 2396 privatim
932 2307 992 2371 sibi
1002 2329 1133 2374 sacrum

2 2399 4 2484 ἰ
101 2396 334 2474 constituebat,
355 2397 388 2460 id
403 2393 578 2483 profanum
590 2406 678 2476 erat,
697 2417 765 2458 non
778 2417 906 2460 sacrum
919 2447 931 2476 ,
955 2397 978 2461 l.
996 2421 1031 2478 a,
1046 2397 1076 2484 §.
1091 2400 1132 2476 3,
1237 2471 1242 2482 .

93 2481 138 2572 ff
159 2487 192 2549 b.
210 2498 234 2550 t.
253 2487 300 2552 5⁰.
317 2483 628 2571 Requirebatur,ut
647 2505 683 2548 ea
704 2485 902 2549 consecratio
918 2485 1002 2552 facta
1020 2497 1133 2553 assela
1174 2531 1226 2558 a...
1311 2481 1314 2488 ’

2 2579 3 2642 ἶ
98 2564 322 2661 pontificibus
338 2573 389 2638 vel
402 2591 424 2637 a·
435 2573 603 2660 principe.
625 2573 714 2636 Nam
733 2577 882 2662 princeps
899 2576 988 2664 apud
1008 2577 1133 2642 Roma-

2 2656 3 2714 ἶ
103 2667 161 2727 nos
181 2678 251 2728 erat
269 2659 417 2753 pontifex
435 2662 599 2730 maximus
613 2685 624 2740 3
640 2662 728 2748 quod
747 2663 962 2729 sacerdotium
983 2665 1054 2729 ideo
1073 2667 1133 2731 sibi

2 2775 3 2786 ¹
103 2754 287 2818 retinebant
297 2757 521 2840 imperatores,
536 2763 573 2814 ut
583 2773 622 2814 eo
634 2749 757 2815 facilius
767 2775 856 2816 sacra
869 2753 932 2818 suis
944 2755 1134 2820 utilitatibus

104 2851 320 2932 attemperare
337 2851 378 2904 'et
401 2840 529 2928 plebem
553 2840 761 2928 religionibus
781 2841 815 2904 in
841 2841 948 2906 officio
968 2842 1136 2908 continere

104 2944 244 3016 possent.
263 2931 359 2997 Unde
375 2941 406 2994 et
420 2931 502 2994 ratio
515 2929 605 2994 reddi
620 2941 744 3018 potest,
764 2953 824 2992 cur
842 2929 1013 2996 Christiani
1028 2931 1135 3020 impe-

104 3031 246 3103 ratores,
269 3021 371 3086 veluti
390 3019 618 3084 Constantinus
638 3019 704 3098 M„
726 3017 901 3082 Gratianus
914 3021 1031 3105 aliique
1045 3020 1135 3086 hunc
1230 3083 1233 3087 ,
1289 3041 1293 3052 ’

104 3109 239 3174 titulum
255 3109 440 3174 nominibus
452 3109 516 3171 suis
530 3107 765 3196 adscripserint.
778 3107 916 3171 Exstant
927 3131 999 3172 earn
1014 3109 1049 3172 in
1061 3133 1133 3176 rem

74 3261 76 3265 i
105 3195 175 3262 tac.
196 3198 350 3265 Gotlrofr.
368 3209 401 3262 et
417 3198 492 3261 toh.
514 3196 622 3260 Andr.
647 3195 729 3261 Bosii
749 3195 915 3277 diatribae,
937 3198 979 3261 de
991 3197 1136 3286 pontifi·

2 3307 3 3350 t
105 3297 186 3352 ectu
210 3291 363 3354 maximo
393 3289 640 3373 imperatorum
667 3283 968 3366 Christianorum,-
1015 3306 1134 3354 uorum

2 3399 3 3462 J
104 3368 160 3440 hic
179 3378 214 3442 iu
229 3377 352 3444 Graevii
369 3377 520 3440 thesauro
534 3375 635 3462 antiq.
649 3375 749 3439 Rom.
765 3397 896 3440 recusus
910 3387 966 3441 est.
985 3310 1136 3466 lienique

2 3467 3 3544 1
107 3463 156 3530 4⁰.
170 3465 396 3532 consecranda>
409 3476 502 3530 erant
516 3483 564 3528 res
578 3485 676 3537 sacrae
690 3464 756 3528 diis
770 3467 920 3553 superis,
937 3465 958 3530 i.
975 3469 1136 3532 e.'coeliti·
1172 3503 1210 3542 ..a

2 3569 3 3572 ’
107 3545 296 3637 bus,'lovi,
315 3555 495 3634 Mercurio,
512 3554 652 3636 Veneri,
665 3553 802 3635 Iunoni,
815 3567 876 3620 etc.
893 3553 1030 3622 Sanctae
1046 3558 1135 3621 enim

108 3645 342 3725 medioxumis,
362 3645 383 3710 i.
399 3665 428 3710 e.
442 3643 591 3710 heroibus
604 3641 653 3706 vel
665 3643 782 3728 geriiis,
798 3645 968 3732 religiosae
982 3645 1040 3713 diis
1052 3645 1134 3710 infe·

88 3769 90 3773 ·
109 3731 170 3812 ris,
185 3759 239 3800 sen
256 3737 315 3800 diis
326 3733 474 3798 manibus
489 3731 633 3796 solebant
647 3734 838 3796 consecrari.
854 3735 1015 3820 Quamvis
1027 3737 1135 3822 itaque

110 3813 178 3888 haec
199 3825 366 3890 manifesto
392 3823 559 3906 redoleant
582 3823 841 3910 superstitionem
868 3825 1042 3910 plusquam
1063 3825 1137 3888 ani-

109 3907 196 3992 lem,
219 3912 392 3980 Christiani
418 3923 529 3978 tamen
555 3930 629 3975 eam
654 3909 875 4000 definitionem
902 3915 1135 3996 retinuerunt,

42 3993 45 3999 ’
107 3998 229 4088 sibique
243 4014 489 4096 persuaserunt,
502 3997 623 4094 templa
635 4050 644 4085 ,
657 4000 769 4066 altaria
781 4049 792 4084 ,
808 3999 943 4168 calio}
957 4002 1132 4072 hodienum
1176 4033 1178 4040 ’

126 4126 129 4130 ·
167 4123 171 4134 ’
943 4109 961 4156 2
