<?xml version="1.0" encoding="UTF-8"?>
<!DOCTYPE html PUBLIC "-//W3C//DTD XHTML 1.0 Transitional//EN"
    "http://www.w3.org/TR/xhtml1/DTD/xhtml1-transitional.dtd">
<html xmlns="http://www.w3.org/1999/xhtml" xml:lang="en" lang="en">
 <head>
  <title>
</title>
<meta http-equiv="Content-Type" content="text/html;charset=utf-8" />
  <meta name='ocr-system' content='tesseract 3.04.00' />
  <meta name='ocr-capabilities' content='ocr_page ocr_carea ocr_par ocr_line ocrx_word'/>
</head>
<body>
  <div class='ocr_page' id='page_1' title='image "./recitationesine00heingoog_0171.png"; bbox 0 0 2646 4496; ppageno 0'>
   <div class='ocr_carea' id='block_1_1' title="bbox 231 263 1014 348">
    <p class='ocr_par' dir='ltr' id='par_1_1' title="bbox 231 263 1014 348">
     <span class='ocr_line' id='line_1_1' title="bbox 231 263 1014 348; baseline 0.004 -18"><span class='ocrx_word' id='word_1_1' title='bbox 231 264 298 330; x_wconf 76' lang='lat'>254</span> <span class='ocrx_word' id='word_1_2' title='bbox 475 265 650 334; x_wconf 84' lang='lat' dir='ltr'>LIBER</span> <span class='ocrx_word' id='word_1_3' title='bbox 671 263 846 348; x_wconf 35' lang='lat' dir='ltr'>131T1T.</span> <span class='ocrx_word' id='word_1_4' title='bbox 873 266 1014 335; x_wconf 85' lang='lat' dir='ltr'>XVII.</span> 
     </span>
    </p>
   </div>
   <div class='ocr_carea' id='block_1_2' title="bbox 135 363 1251 1892">
    <p class='ocr_par' dir='ltr' id='par_1_2' title="bbox 135 363 1251 1892">
     <span class='ocr_line' id='line_1_2' title="bbox 234 363 1246 460; baseline -0.005 -19"><span class='ocrx_word' id='word_1_5' title='bbox 234 383 278 441; x_wconf 84' lang='lat'>1⁰·</span> <span class='ocrx_word' id='word_1_6' title='bbox 298 375 528 455; x_wconf 67' lang='lat' dir='ltr'>Maximam,</span> <span class='ocrx_word' id='word_1_7' title='bbox 550 373 702 440; x_wconf 89' lang='lat' dir='ltr'>omnibus</span> <span class='ocrx_word' id='word_1_8' title='bbox 722 363 917 460; x_wconf 81' lang='lat' dir='ltr'>fatentibus,</span> <span class='ocrx_word' id='word_1_9' title='bbox 942 375 983 442; x_wconf 83' lang='lat' dir='ltr'>ab</span> <span class='ocrx_word' id='word_1_10' title='bbox 1000 377 1070 444; x_wconf 73' lang='lat' dir='ltr'>usu&#39;</span> <span class='ocrx_word' id='word_1_11' title='bbox 1087 369 1246 442; x_wconf 71' lang='lat' dir='ltr'>recedas</span> 
     </span>
     <span class='ocr_line' id='line_1_3' title="bbox 232 463 1248 552; baseline -0.003 -24"><span class='ocrx_word' id='word_1_12' title='bbox 232 463 319 550; x_wconf 82' lang='lat' dir='ltr'>Quia</span> <span class='ocrx_word' id='word_1_13' title='bbox 334 465 422 530; x_wconf 86' lang='lat' dir='ltr'>enim</span> <span class='ocrx_word' id='word_1_14' title='bbox 442 465 541 530; x_wconf 87' lang='lat' dir='ltr'>talem</span> <span class='ocrx_word' id='word_1_15' title='bbox 563 464 864 552; x_wconf 57' lang='lat' dir='ltr'>servitutemque</span> <span class='ocrx_word' id='word_1_16' title='bbox 886 464 984 532; x_wconf 87' lang='lat' dir='ltr'>morti</span> <span class='ocrx_word' id='word_1_17' title='bbox 1006 463 1093 531; x_wconf 78' lang='lat' dir='ltr'>civili</span> <span class='ocrx_word' id='word_1_18' title='bbox 1112 464 1248 552; x_wconf 59' lang='lat' dir='ltr'>aequipass</span> 
     </span>
     <span class='ocr_line' id='line_1_4' title="bbox 161 551 1250 642; baseline -0.004 -24"><span class='ocrx_word' id='word_1_19' title='bbox 161 603 162 610; x_wconf 16' lang='grc' dir='ltr'><strong>κ</strong></span> <span class='ocrx_word' id='word_1_20' title='bbox 229 553 297 618; x_wconf 86' lang='lat' dir='ltr'>rari</span> <span class='ocrx_word' id='word_1_21' title='bbox 316 553 437 642; x_wconf 79' lang='lat' dir='ltr'>possit,</span> <span class='ocrx_word' id='word_1_22' title='bbox 455 574 524 620; x_wconf 91' lang='lat' dir='ltr'>non</span> <span class='ocrx_word' id='word_1_23' title='bbox 545 553 724 632; x_wconf 86' lang='lat' dir='ltr'>habemus,</span> <span class='ocrx_word' id='word_1_24' title='bbox 740 553 817 618; x_wconf 90' lang='lat' dir='ltr'>binc</span> <span class='ocrx_word' id='word_1_25' title='bbox 831 565 864 618; x_wconf 90' lang='lat' dir='ltr'>et</span> <span class='ocrx_word' id='word_1_26' title='bbox 882 577 980 620; x_wconf 88' lang='lat' dir='ltr'>nemo</span> <span class='ocrx_word' id='word_1_27' title='bbox 997 555 1033 620; x_wconf 90' lang='lat' dir='ltr'>in</span> <span class='ocrx_word' id='word_1_28' title='bbox 1050 553 1142 618; x_wconf 88' lang='lat' dir='ltr'>illam</span> <span class='ocrx_word' id='word_1_29' title='bbox 1154 551 1250 640; x_wconf 84' lang='lat' dir='ltr'>servi·</span> 
     </span>
     <span class='ocr_line' id='line_1_5' title="bbox 229 641 1250 732; baseline -0.003 -26"><span class='ocrx_word' id='word_1_30' title='bbox 229 652 335 706; x_wconf 79' lang='lat' dir='ltr'>tutem</span> <span class='ocrx_word' id='word_1_31' title='bbox 361 641 529 729; x_wconf 80' lang='lat' dir='ltr'>redigitur.</span> <span class='ocrx_word' id='word_1_32' title='bbox 557 645 603 708; x_wconf 84' lang='lat'>2⁰.</span> <span class='ocrx_word' id='word_1_33' title='bbox 625 641 749 710; x_wconf 84' lang='lat' dir='ltr'>Medic</span> <span class='ocrx_word' id='word_1_34' title='bbox 768 665 898 732; x_wconf 88' lang='lat' dir='ltr'>quoque</span> <span class='ocrx_word' id='word_1_35' title='bbox 920 654 1037 723; x_wconf 74' lang='lat' dir='ltr'>cessat,</span> <span class='ocrx_word' id='word_1_36' title='bbox 1061 641 1137 730; x_wconf 89' lang='lat' dir='ltr'>quia</span> <span class='ocrx_word' id='word_1_37' title='bbox 1158 651 1250 706; x_wconf 86' lang='lat' dir='ltr'>cessat</span> 
     </span>
     <span class='ocr_line' id='line_1_6' title="bbox 227 727 1251 822; baseline -0.002 -28"><span class='ocrx_word' id='word_1_38' title='bbox 227 731 281 818; x_wconf 88' lang='lat' dir='ltr'>jus</span> <span class='ocrx_word' id='word_1_39' title='bbox 297 730 433 798; x_wconf 84' lang='lat' dir='ltr'>civitatis</span> <span class='ocrx_word' id='word_1_40' title='bbox 451 731 632 812; x_wconf 77' lang='lat' dir='ltr'>Romanae,</span> <span class='ocrx_word' id='word_1_41' title='bbox 652 743 685 797; x_wconf 84' lang='lat' dir='ltr'>et</span> <span class='ocrx_word' id='word_1_42' title='bbox 696 731 782 797; x_wconf 89' lang='lat' dir='ltr'>inter</span> <span class='ocrx_word' id='word_1_43' title='bbox 803 731 891 812; x_wconf 82' lang='lat' dir='ltr'>cives</span> <span class='ocrx_word' id='word_1_44' title='bbox 902 733 936 798; x_wconf 76' lang='lat' dir='ltr'>e&#39;t</span> <span class='ocrx_word' id='word_1_45' title='bbox 954 731 1143 822; x_wconf 77' lang='lat' dir='ltr'>peregrinos</span> <span class='ocrx_word' id='word_1_46' title='bbox 1160 727 1251 795; x_wconf 89' lang='lat' dir='ltr'>bodie</span> 
     </span>
     <span class='ocr_line' id='line_1_7' title="bbox 229 817 1250 912; baseline -0.002 -26"><span class='ocrx_word' id='word_1_47' title='bbox 229 841 331 909; x_wconf 83' lang='lat' dir='ltr'>parva</span> <span class='ocrx_word' id='word_1_48' title='bbox 346 831 392 886; x_wconf 87' lang='lat' dir='ltr'>est</span> <span class='ocrx_word' id='word_1_49' title='bbox 404 820 592 887; x_wconf 81' lang='lat' dir='ltr'>differentia.</span> <span class='ocrx_word' id='word_1_50' title='bbox 606 821 721 908; x_wconf 84' lang='lat' dir='ltr'><strong>Vulgo</strong></span> <span class='ocrx_word' id='word_1_51' title='bbox 730 833 840 889; x_wconf 87' lang='lat' dir='ltr'>tamen</span> <span class='ocrx_word' id='word_1_52' title='bbox 852 832 1045 912; x_wconf 85' lang='lat' dir='ltr'>comparant</span> <span class='ocrx_word' id='word_1_53' title='bbox 1055 819 1133 891; x_wconf 88' lang='lat' dir='ltr'>huic</span> <span class='ocrx_word' id='word_1_54' title='bbox 1144 817 1250 907; x_wconf 80' lang='lat' dir='ltr'>capitis</span> 
     </span>
     <span class='ocr_line' id='line_1_8' title="bbox 227 908 1250 998; baseline 0 -25"><span class='ocrx_word' id='word_1_55' title='bbox 227 909 446 976; x_wconf 90' lang='lat' dir='ltr'>deminutioni</span> <span class='ocrx_word' id='word_1_56' title='bbox 464 909 633 978; x_wconf 77' lang='lat' dir='ltr'>Boanum</span> <span class='ocrx_word' id='word_1_57' title='bbox 652 910 799 998; x_wconf 77' lang='lat' dir='ltr'>Imperii</span> <span class='ocrx_word' id='word_1_58' title='bbox 818 909 853 974; x_wconf 90' lang='lat' dir='ltr'>in</span> <span class='ocrx_word' id='word_1_59' title='bbox 873 909 1072 988; x_wconf 78' lang='lat' dir='ltr'>Germania,</span> <span class='ocrx_word' id='word_1_60' title='bbox 1092 908 1144 974; x_wconf 82' lang='lat' dir='ltr'>vel</span> <span class='ocrx_word' id='word_1_61' title='bbox 1161 929 1250 995; x_wconf 83' lang='lat' dir='ltr'>pros·</span> 
     </span>
     <span class='ocr_line' id='line_1_9' title="bbox 229 995 1250 1088; baseline -0.001 -25"><span class='ocrx_word' id='word_1_62' title='bbox 229 998 426 1088; x_wconf 86' lang='lat' dir='ltr'>criptionem</span> <span class='ocrx_word' id='word_1_63' title='bbox 444 998 522 1088; x_wconf 83' lang='lat' dir='ltr'>(die</span> <span class='ocrx_word' id='word_1_64' title='bbox 546 998 656 1064; x_wconf 74' lang='lat' dir='ltr'>Acti·</span> <span class='ocrx_word' id='word_1_65' title='bbox 676 999 750 1064; x_wconf 80' lang='lat' dir='ltr'>und</span> <span class='ocrx_word' id='word_1_66' title='bbox 772 995 1008 1085; x_wconf 58' lang='lat' dir='ltr'>Obori-Acin),</span> <span class='ocrx_word' id='word_1_67' title='bbox 1026 997 1250 1085; x_wconf 77' lang='lat' dir='ltr'>relegationem</span> 
     </span>
     <span class='ocr_line' id='line_1_10' title="bbox 230 1085 1250 1174; baseline -0.002 -22"><span class='ocrx_word' id='word_1_68' title='bbox 230 1087 399 1154; x_wconf 88' lang='lat' dir='ltr'>cumictu</span> <span class='ocrx_word' id='word_1_69' title='bbox 418 1085 554 1153; x_wconf 85' lang='lat' dir='ltr'>fustium</span> <span class='ocrx_word' id='word_1_70' title='bbox 574 1088 627 1154; x_wconf 89' lang='lat' dir='ltr'>vel</span> <span class='ocrx_word' id='word_1_71' title='bbox 649 1087 858 1174; x_wconf 82' lang='lat' dir='ltr'>virgidemia,</span> <span class='ocrx_word' id='word_1_72' title='bbox 885 1088 1193 1154; x_wconf 65' lang='lat' dir='ltr'>condemnationem</span> <span class='ocrx_word' id='word_1_73' title='bbox 1212 1085 1250 1150; x_wconf 82' lang='lat' dir='ltr'>ed</span> 
     </span>
     <span class='ocr_line' id='line_1_11' title="bbox 230 1175 1251 1266; baseline -0.001 -26"><span class='ocrx_word' id='word_1_74' title='bbox 230 1177 379 1242; x_wconf 81' lang='lat' dir='ltr'>triremes</span> <span class='ocrx_word' id='word_1_75' title='bbox 396 1187 606 1266; x_wconf 88' lang='lat' dir='ltr'>perpetuam,</span> <span class='ocrx_word' id='word_1_76' title='bbox 621 1176 647 1241; x_wconf 88' lang='lat' dir='ltr'>si</span> <span class='ocrx_word' id='word_1_77' title='bbox 665 1199 743 1242; x_wconf 87' lang='lat' dir='ltr'>cum</span> <span class='ocrx_word' id='word_1_78' title='bbox 762 1175 924 1242; x_wconf 88' lang='lat' dir='ltr'>bonorum</span> <span class='ocrx_word' id='word_1_79' title='bbox 941 1176 1160 1266; x_wconf 83' lang='lat' dir='ltr'>publicatione</span> <span class='ocrx_word' id='word_1_80' title='bbox 1175 1197 1251 1240; x_wconf 84' lang='lat' dir='ltr'>con·</span> 
     </span>
     <span class='ocr_line' id='line_1_12' title="bbox 228 1261 1250 1354; baseline -0.001 -24"><span class='ocrx_word' id='word_1_81' title='bbox 228 1265 345 1354; x_wconf 85' lang='lat' dir='ltr'>juncta</span> <span class='ocrx_word' id='word_1_82' title='bbox 360 1265 418 1346; x_wconf 78' lang='lat' dir='ltr'>sit3</span> <span class='ocrx_word' id='word_1_83' title='bbox 434 1266 585 1353; x_wconf 86' lang='lat' dir='ltr'>quamvis</span> <span class='ocrx_word' id='word_1_84' title='bbox 593 1315 603 1347; x_wconf 86' lang='lat'><strong><em>,</em></strong></span> <span class='ocrx_word' id='word_1_85' title='bbox 620 1265 647 1330; x_wconf 90' lang='lat' dir='ltr'>si</span> <span class='ocrx_word' id='word_1_86' title='bbox 668 1265 770 1330; x_wconf 88' lang='lat' dir='ltr'>simile</span> <span class='ocrx_word' id='word_1_87' title='bbox 784 1265 907 1353; x_wconf 87' lang='lat' dir='ltr'>aliquid</span> <span class='ocrx_word' id='word_1_88' title='bbox 920 1277 986 1346; x_wconf 84' lang='lat' dir='ltr'>est,</span> <span class='ocrx_word' id='word_1_89' title='bbox 1001 1289 1070 1331; x_wconf 89' lang='lat' dir='ltr'>non</span> <span class='ocrx_word' id='word_1_90' title='bbox 1083 1264 1190 1330; x_wconf 87' lang='lat' dir='ltr'>statim</span> <span class='ocrx_word' id='word_1_91' title='bbox 1204 1261 1250 1328; x_wconf 83' lang='lat' dir='ltr'>di·</span> 
     </span>
     <span class='ocr_line' id='line_1_13' title="bbox 229 1351 1250 1444; baseline 0 -26"><span class='ocrx_word' id='word_1_92' title='bbox 229 1355 372 1420; x_wconf 87' lang='lat' dir='ltr'>cendum</span> <span class='ocrx_word' id='word_1_93' title='bbox 400 1353 440 1418; x_wconf 89' lang='lat' dir='ltr'>sit</span> <span class='ocrx_word' id='word_1_94' title='bbox 463 1354 568 1435; x_wconf 90' lang='lat' dir='ltr'>idem,</span> <span class='ocrx_word' id='word_1_95' title='bbox 595 1377 675 1420; x_wconf 88' lang='lat' dir='ltr'>nam</span> <span class='ocrx_word' id='word_1_96' title='bbox 695 1353 789 1420; x_wconf 76' lang='lat' dir='ltr'>&#39;simia</span> <span class='ocrx_word' id='word_1_97' title='bbox 813 1377 914 1444; x_wconf 84' lang='lat' dir='ltr'>qnam</span> <span class='ocrx_word' id='word_1_98' title='bbox 937 1353 1049 1420; x_wconf 88' lang='lat' dir='ltr'>similis</span> <span class='ocrx_word' id='word_1_99' title='bbox 1074 1351 1250 1444; x_wconf 83' lang='lat' dir='ltr'>turpissima</span> 
     </span>
     <span class='ocr_line' id='line_1_14' title="bbox 229 1439 1251 1532; baseline 0 -24"><span class='ocrx_word' id='word_1_100' title='bbox 229 1442 328 1508; x_wconf 86' lang='lat' dir='ltr'>bestia</span> <span class='ocrx_word' id='word_1_101' title='bbox 343 1443 464 1527; x_wconf 81' lang='lat' dir='ltr'>nobis?</span> <span class='ocrx_word' id='word_1_102' title='bbox 479 1445 567 1529; x_wconf 79' lang='lat' dir='ltr'>Elige</span> <span class='ocrx_word' id='word_1_103' title='bbox 579 1444 606 1510; x_wconf 89' lang='lat' dir='ltr'>si</span> <span class='ocrx_word' id='word_1_104' title='bbox 617 1443 687 1512; x_wconf 77' lang='lat' dir='ltr'>haec</span> <span class='ocrx_word' id='word_1_105' title='bbox 699 1442 810 1508; x_wconf 83' lang='lat' dir='ltr'>omnia</span> <span class='ocrx_word' id='word_1_106' title='bbox 823 1441 939 1510; x_wconf 78' lang='lat' dir='ltr'>similia</span> <span class='ocrx_word' id='word_1_107' title='bbox 953 1443 1017 1510; x_wconf 85' lang='lat' dir='ltr'>sint</span> <span class='ocrx_word' id='word_1_108' title='bbox 1031 1442 1147 1532; x_wconf 85' lang='lat' dir='ltr'>capitis</span> <span class='ocrx_word' id='word_1_109' title='bbox 1154 1439 1251 1510; x_wconf 88' lang='lat' dir='ltr'>demi·</span> 
     </span>
     <span class='ocr_line' id='line_1_15' title="bbox 229 1530 1249 1622; baseline -0.004 -24"><span class='ocrx_word' id='word_1_110' title='bbox 229 1533 376 1611; x_wconf 76' lang='lat' dir='ltr'>irmioni,</span> <span class='ocrx_word' id='word_1_111' title='bbox 390 1555 459 1598; x_wconf 88' lang='lat' dir='ltr'>non</span> <span class='ocrx_word' id='word_1_112' title='bbox 473 1543 549 1598; x_wconf 88' lang='lat' dir='ltr'>sunt</span> <span class='ocrx_word' id='word_1_113' title='bbox 562 1554 598 1598; x_wconf 92' lang='lat' dir='ltr'>re</span> <span class='ocrx_word' id='word_1_114' title='bbox 614 1531 683 1622; x_wconf 84' lang='lat' dir='ltr'>ipsa</span> <span class='ocrx_word' id='word_1_115' title='bbox 695 1530 807 1620; x_wconf 88' lang='lat' dir='ltr'>capitis</span> <span class='ocrx_word' id='word_1_116' title='bbox 818 1530 1009 1599; x_wconf 80' lang='lat' dir='ltr'>deminutio.</span> <span class='ocrx_word' id='word_1_117' title='bbox 1027 1532 1083 1598; x_wconf 81' lang='lat'>5⁰.</span> <span class='ocrx_word' id='word_1_118' title='bbox 1098 1531 1249 1600; x_wconf 85' lang='lat' dir='ltr'>Minima</span> 
     </span>
     <span class='ocr_line' id='line_1_16' title="bbox 229 1617 1247 1712; baseline -0.006 -23"><span class='ocrx_word' id='word_1_119' title='bbox 229 1620 338 1689; x_wconf 85' lang='lat' dir='ltr'>adhuc</span> <span class='ocrx_word' id='word_1_120' title='bbox 352 1622 449 1688; x_wconf 86' lang='lat' dir='ltr'>hodie</span> <span class='ocrx_word' id='word_1_121' title='bbox 466 1619 506 1687; x_wconf 84' lang='lat' dir='ltr'>fit</span> <span class='ocrx_word' id='word_1_122' title='bbox 518 1643 578 1712; x_wconf 88' lang='lat' dir='ltr'>per</span> <span class='ocrx_word' id='word_1_123' title='bbox 592 1619 852 1708; x_wconf 76' lang='lat' dir='ltr'>arrogationem,</span> <span class='ocrx_word' id='word_1_124' title='bbox 866 1621 893 1688; x_wconf 89' lang='lat' dir='ltr'>si</span> <span class='ocrx_word' id='word_1_125' title='bbox 905 1617 987 1698; x_wconf 85' lang='lat' dir='ltr'>liber</span> <span class='ocrx_word' id='word_1_126' title='bbox 1000 1621 1104 1688; x_wconf 89' lang='lat' dir='ltr'>homo</span> <span class='ocrx_word' id='word_1_127' title='bbox 1114 1631 1154 1686; x_wconf 79' lang='lat' dir='ltr'>‘se&#39;</span> <span class='ocrx_word' id='word_1_128' title='bbox 1172 1619 1247 1684; x_wconf 86' lang='lat' dir='ltr'>alte·</span> 
     </span>
     <span class='ocr_line' id='line_1_17' title="bbox 135 1707 1249 1802; baseline -0.005 -24"><span class='ocrx_word' id='word_1_129' title='bbox 135 1740 137 1745; x_wconf 62' lang='grc'>’</span> <span class='ocrx_word' id='word_1_130' title='bbox 229 1711 298 1778; x_wconf 89' lang='lat' dir='ltr'>rius</span> <span class='ocrx_word' id='word_1_131' title='bbox 306 1713 420 1802; x_wconf 68' lang='lat' dir='ltr'>patriae</span> <span class='ocrx_word' id='word_1_132' title='bbox 431 1709 579 1800; x_wconf 80' lang='lat' dir='ltr'>potestati</span> <span class='ocrx_word' id='word_1_133' title='bbox 593 1708 740 1798; x_wconf 86' lang='lat' dir='ltr'>subjicit,</span> <span class='ocrx_word' id='word_1_134' title='bbox 754 1732 821 1776; x_wconf 90' lang='lat' dir='ltr'>non</span> <span class='ocrx_word' id='word_1_135' title='bbox 833 1721 943 1777; x_wconf 87' lang='lat' dir='ltr'>autem</span> <span class='ocrx_word' id='word_1_136' title='bbox 953 1733 1012 1800; x_wconf 89' lang='lat' dir='ltr'>per</span> <span class='ocrx_word' id='word_1_137' title='bbox 1023 1707 1249 1800; x_wconf 83' lang='lat' dir='ltr'>emancipatio-</span> 
     </span>
     <span class='ocr_line' id='line_1_18' title="bbox 228 1798 1123 1892; baseline -0.003 -25"><span class='ocrx_word' id='word_1_138' title='bbox 228 1823 328 1884; x_wconf 85' lang='lat' dir='ltr'>nem,</span> <span class='ocrx_word' id='word_1_139' title='bbox 342 1811 477 1892; x_wconf 84' lang='lat' dir='ltr'>propter</span> <span class='ocrx_word' id='word_1_140' title='bbox 491 1823 549 1882; x_wconf 87' lang='lat' dir='ltr'>ea,</span> <span class='ocrx_word' id='word_1_141' title='bbox 564 1821 637 1889; x_wconf 73' lang='lat' dir='ltr'>quae</span> <span class='ocrx_word' id='word_1_142' title='bbox 652 1798 796 1866; x_wconf 81' lang='lat' dir='ltr'>diximus</span> <span class='ocrx_word' id='word_1_143' title='bbox 809 1799 848 1864; x_wconf 82' lang='lat' dir='ltr'>ad</span> <span class='ocrx_word' id='word_1_144' title='bbox 865 1799 1123 1890; x_wconf 81' lang='lat' dir='ltr'>§.superiorem</span> 
     </span>
    </p>
   </div>
   <div class='ocr_carea' id='block_1_3' title="bbox 460 2150 1017 2240">
    <p class='ocr_par' dir='ltr' id='par_1_3' title="bbox 460 2150 1017 2240">
     <span class='ocr_line' id='line_1_19' title="bbox 460 2150 1017 2240; baseline -0.005 -2"><span class='ocrx_word' id='word_1_145' title='bbox 460 2151 796 2238; x_wconf 83' lang='lat' dir='ltr'>TITULUS</span> <span class='ocrx_word' id='word_1_146' title='bbox 835 2150 1017 2240; x_wconf 90' lang='lat' dir='ltr'><strong>XVII.</strong></span> 
     </span>
    </p>
   </div>
   <div class='ocr_carea' id='block_1_4' title="bbox 389 2301 1099 2432">
    <p class='ocr_par' dir='ltr' id='par_1_4' title="bbox 389 2301 1099 2432">
     <span class='ocr_line' id='line_1_20' title="bbox 389 2301 1099 2432; baseline -0.003 -24"><span class='ocrx_word' id='word_1_147' title='bbox 389 2333 458 2408; x_wconf 88' lang='lat' dir='ltr'>De</span> <span class='ocrx_word' id='word_1_148' title='bbox 472 2301 675 2431; x_wconf 75' lang='lat' dir='ltr'>Legitima</span> <span class='ocrx_word' id='word_1_149' title='bbox 686 2344 947 2432; x_wconf 80' lang='lat' dir='ltr'>patronorum</span> <span class='ocrx_word' id='word_1_150' title='bbox 965 2333 1099 2412; x_wconf 78' lang='lat' dir='ltr'>tutela.</span> 
     </span>
    </p>
   </div>
   <div class='ocr_carea' id='block_1_5' title="bbox 615 2519 877 2606">
    <p class='ocr_par' dir='ltr' id='par_1_5' title="bbox 615 2519 877 2606">
     <span class='ocr_line' id='line_1_21' title="bbox 615 2519 877 2606; baseline -0.008 -18"><span class='ocrx_word' id='word_1_151' title='bbox 615 2521 646 2606; x_wconf 69' lang='lat' dir='ltr'>i.</span> <span class='ocrx_word' id='word_1_152' title='bbox 671 2519 877 2589; x_wconf 84' lang='lat' dir='ltr'>ccxxx.</span> 
     </span>
    </p>
   </div>
   <div class='ocr_carea' id='block_1_6' title="bbox 161 2636 1249 3222">
    <p class='ocr_par' dir='ltr' id='par_1_6' title="bbox 161 2636 1249 3222">
     <span class='ocr_line' id='line_1_22' title="bbox 232 2636 1249 2781; baseline 0.012 -36"><span class='ocrx_word' id='word_1_153' title='bbox 232 2636 457 2748; x_wconf 73' lang='lat' dir='ltr'>Venantum</span> <span class='ocrx_word' id='word_1_154' title='bbox 470 2682 577 2752; x_wconf 88' lang='lat' dir='ltr'>adhuc</span> <span class='ocrx_word' id='word_1_155' title='bbox 592 2685 627 2750; x_wconf 91' lang='lat' dir='ltr'>in</span> <span class='ocrx_word' id='word_1_156' title='bbox 640 2685 740 2752; x_wconf 85' lang='lat' dir='ltr'>tutela</span> <span class='ocrx_word' id='word_1_157' title='bbox 752 2683 915 2773; x_wconf 85' lang='lat' dir='ltr'>legitima,</span> <span class='ocrx_word' id='word_1_158' title='bbox 931 2687 1024 2776; x_wconf 87' lang='lat' dir='ltr'>cujus</span> <span class='ocrx_word' id='word_1_159' title='bbox 1035 2695 1177 2778; x_wconf 78' lang='lat' dir='ltr'>quatuor</span> <span class='ocrx_word' id='word_1_160' title='bbox 1186 2711 1249 2781; x_wconf 77' lang='lat' dir='ltr'>spe·</span> 
     </span>
     <span class='ocr_line' id='line_1_23' title="bbox 161 2768 1247 2864; baseline 0.002 -25"><span class='ocrx_word' id='word_1_161' title='bbox 161 2768 167 2792; x_wconf 86' lang='lat'>&#39;</span> <span class='ocrx_word' id='word_1_162' title='bbox 230 2774 295 2840; x_wconf 87' lang='lat' dir='ltr'>cies</span> <span class='ocrx_word' id='word_1_163' title='bbox 306 2793 369 2838; x_wconf 87' lang='lat' dir='ltr'>esse</span> <span class='ocrx_word' id='word_1_164' title='bbox 379 2771 776 2864; x_wconf 81' lang='lat' dir='ltr'>diximus,cgnctorum‚</span> <span class='ocrx_word' id='word_1_165' title='bbox 782 2783 1022 2863; x_wconf 81' lang='lat' dir='ltr'>patronorum,</span> <span class='ocrx_word' id='word_1_166' title='bbox 1056 2789 1247 2847; x_wconf 80' lang='lat' dir='ltr'>arentumet</span> 
     </span>
     <span class='ocr_line' id='line_1_24' title="bbox 221 2860 1245 2954; baseline 0.004 -26"><span class='ocrx_word' id='word_1_167' title='bbox 221 2860 464 2952; x_wconf 83' lang='lat' dir='ltr'>fiduciariam.</span> <span class='ocrx_word' id='word_1_168' title='bbox 477 2863 528 2930; x_wconf 88' lang='lat' dir='ltr'>De</span> <span class='ocrx_word' id='word_1_169' title='bbox 541 2863 639 2929; x_wconf 89' lang='lat' dir='ltr'>tutela</span> <span class='ocrx_word' id='word_1_170' title='bbox 651 2876 844 2950; x_wconf 83' lang='lat' dir='ltr'>agnatorum</span> <span class='ocrx_word' id='word_1_171' title='bbox 856 2875 888 2929; x_wconf 88' lang='lat' dir='ltr'>et</span> <span class='ocrx_word' id='word_1_172' title='bbox 899 2864 1010 2954; x_wconf 87' lang='lat' dir='ltr'>capitis</span> <span class='ocrx_word' id='word_1_173' title='bbox 1044 2865 1245 2948; x_wconf 85' lang='lat' dir='ltr'>eminuticne,</span> 
     </span>
     <span class='ocr_line' id='line_1_25' title="bbox 232 2951 1247 3048; baseline 0.003 -32"><span class='ocrx_word' id='word_1_174' title='bbox 232 2975 296 3040; x_wconf 88' lang='lat' dir='ltr'>qua</span> <span class='ocrx_word' id='word_1_175' title='bbox 309 2951 426 3040; x_wconf 88' lang='lat' dir='ltr'>perimi</span> <span class='ocrx_word' id='word_1_176' title='bbox 437 2953 492 3018; x_wconf 87' lang='lat' dir='ltr'>illa</span> <span class='ocrx_word' id='word_1_177' title='bbox 504 2951 602 3018; x_wconf 87' lang='lat' dir='ltr'>tutela</span> <span class='ocrx_word' id='word_1_178' title='bbox 615 2964 738 3040; x_wconf 87' lang='lat' dir='ltr'>potest,</span> <span class='ocrx_word' id='word_1_179' title='bbox 750 2951 892 3018; x_wconf 84' lang='lat' dir='ltr'>diximus</span> <span class='ocrx_word' id='word_1_180' title='bbox 907 2953 1071 3024; x_wconf 83' lang='lat' dir='ltr'>hactenus.</span> <span class='ocrx_word' id='word_1_181' title='bbox 1085 2957 1175 3048; x_wconf 84' lang='lat' dir='ltr'>Ergo</span> <span class='ocrx_word' id='word_1_182' title='bbox 1184 2957 1247 3044; x_wconf 84' lang='lat' dir='ltr'>jam</span> 
     </span>
     <span class='ocr_line' id='line_1_26' title="bbox 232 3039 1246 3134; baseline 0 -28"><span class='ocrx_word' id='word_1_183' title='bbox 232 3041 378 3130; x_wconf 90' lang='lat' dir='ltr'>sequitur</span> <span class='ocrx_word' id='word_1_184' title='bbox 401 3043 540 3108; x_wconf 70' lang='lat' dir='ltr'>mcunda</span> <span class='ocrx_word' id='word_1_185' title='bbox 563 3039 681 3132; x_wconf 88' lang='lat' dir='ltr'>species</span> <span class='ocrx_word' id='word_1_186' title='bbox 702 3091 716 3120; x_wconf 54' lang='lat'>.,</span> <span class='ocrx_word' id='word_1_187' title='bbox 748 3063 866 3132; x_wconf 89' lang='lat' dir='ltr'>nempe</span> <span class='ocrx_word' id='word_1_188' title='bbox 894 3043 992 3109; x_wconf 89' lang='lat' dir='ltr'>tutela</span> <span class='ocrx_word' id='word_1_189' title='bbox 1010 3055 1246 3134; x_wconf 80' lang='lat' dir='ltr'>patronorum.</span> 
     </span>
     <span class='ocr_line' id='line_1_27' title="bbox 233 3129 1245 3222; baseline 0.002 -28"><span class='ocrx_word' id='word_1_190' title='bbox 233 3133 351 3216; x_wconf 92' lang='lat' dir='ltr'>Quum</span> <span class='ocrx_word' id='word_1_191' title='bbox 365 3152 444 3218; x_wconf 86' lang='lat' dir='ltr'>ergo</span> <span class='ocrx_word' id='word_1_192' title='bbox 453 3143 628 3222; x_wconf 82' lang='lat' dir='ltr'>patronus</span> <span class='ocrx_word' id='word_1_193' title='bbox 640 3130 665 3194; x_wconf 89' lang='lat' dir='ltr'>is</span> <span class='ocrx_word' id='word_1_194' title='bbox 679 3129 819 3210; x_wconf 75' lang='lat' dir='ltr'>dicatur,</span> <span class='ocrx_word' id='word_1_195' title='bbox 834 3131 890 3218; x_wconf 90' lang='lat' dir='ltr'>qui</span> <span class='ocrx_word' id='word_1_196' title='bbox 905 3153 1036 3204; x_wconf 80' lang='lat' dir='ltr'>servum</span> <span class='ocrx_word' id='word_1_197' title='bbox 1046 3133 1245 3212; x_wconf 82' lang='lat' dir='ltr'>manumisit,</span> 
     </span>
    </p>
   </div>
   <div class='ocr_carea' id='block_1_7' title="bbox 115 3218 1246 3312">
    <p class='ocr_par' dir='ltr' id='par_1_7' title="bbox 115 3218 1246 3312">
     <span class='ocr_line' id='line_1_28' title="bbox 115 3218 1246 3312; baseline 0.007 -30"><span class='ocrx_word' id='word_1_198' title='bbox 115 3249 121 3258; x_wconf 57' lang='lat'><em>⁴</em></span> <span class='ocrx_word' id='word_1_199' title='bbox 232 3243 293 3308; x_wconf 92' lang='lat' dir='ltr'>per</span> <span class='ocrx_word' id='word_1_200' title='bbox 317 3219 459 3286; x_wconf 79' lang='lat' dir='ltr'>tutelam</span> <span class='ocrx_word' id='word_1_201' title='bbox 474 3231 704 3310; x_wconf 82' lang='lat' dir='ltr'>patronorum</span> <span class='ocrx_word' id='word_1_202' title='bbox 720 3218 910 3306; x_wconf 84' lang='lat' dir='ltr'>intelligitur</span> <span class='ocrx_word' id='word_1_203' title='bbox 928 3223 1047 3301; x_wconf 86' lang='lat' dir='ltr'>tutela,</span> <span class='ocrx_word' id='word_1_204' title='bbox 1070 3246 1171 3310; x_wconf 84' lang='lat' dir='ltr'>quam</span> <span class='ocrx_word' id='word_1_205' title='bbox 1192 3246 1246 3312; x_wconf 86' lang='lat' dir='ltr'>pa-</span> 
     </span>
    </p>
   </div>
   <div class='ocr_carea' id='block_1_8' title="bbox 163 3306 1246 3464">
    <p class='ocr_par' dir='ltr' id='par_1_8' title="bbox 163 3306 1246 3464">
     <span class='ocr_line' id='line_1_29' title="bbox 163 3306 1246 3462; baseline -0.004 -84"><span class='ocrx_word' id='word_1_206' title='bbox 163 3339 177 3396; x_wconf 69' lang='lat' dir='ltr'><em>j</em></span> <span class='ocrx_word' id='word_1_207' title='bbox 234 3309 412 3462; x_wconf 54' lang='lat' dir='ltr'>popustvel</span> <span class='ocrx_word' id='word_1_208' title='bbox 426 3311 495 3397; x_wconf 90' lang='lat' dir='ltr'>ejus</span> <span class='ocrx_word' id='word_1_209' title='bbox 507 3309 600 3376; x_wconf 85' lang='lat' dir='ltr'>liberi</span> <span class='ocrx_word' id='word_1_210' title='bbox 613 3309 649 3374; x_wconf 90' lang='lat' dir='ltr'>in</span> <span class='ocrx_word' id='word_1_211' title='bbox 662 3306 777 3376; x_wconf 89' lang='lat' dir='ltr'>liberto</span> <span class='ocrx_word' id='word_1_212' title='bbox 791 3309 959 3399; x_wconf 88' lang='lat' dir='ltr'>impubere</span> <span class='ocrx_word' id='word_1_213' title='bbox 970 3311 1020 3378; x_wconf 83' lang='lat' dir='ltr'>vel</span> <span class='ocrx_word' id='word_1_214' title='bbox 1032 3312 1139 3400; x_wconf 78' lang='lat' dir='ltr'>liberti</span> <span class='ocrx_word' id='word_1_215' title='bbox 1148 3312 1246 3389; x_wconf 83' lang='lat' dir='ltr'>liberis</span> 
     </span>
     <span class='ocr_line' id='line_1_30' title="bbox 260 3420 367 3464; baseline 0 -2"><span class='ocrx_word' id='word_1_216' title='bbox 260 3420 278 3462; x_wconf 87' lang='lat' dir='ltr'>a</span> <span class='ocrx_word' id='word_1_217' title='bbox 301 3420 367 3464; x_wconf 88' lang='lat' dir='ltr'>en.</span> 
     </span>
    </p>
   </div>
   <div class='ocr_carea' id='block_1_9' title="bbox 434 3502 1051 3592">
    <p class='ocr_par' dir='ltr' id='par_1_9' title="bbox 434 3502 1051 3592">
     <span class='ocr_line' id='line_1_31' title="bbox 434 3502 1051 3592; baseline 0.006 -21"><span class='ocrx_word' id='word_1_218' title='bbox 434 3506 466 3592; x_wconf 66' lang='lat' dir='ltr'>a.</span> <span class='ocrx_word' id='word_1_219' title='bbox 496 3502 719 3574; x_wconf 76' lang='lat' dir='ltr'>ccxxxi</span> <span class='ocrx_word' id='word_1_220' title='bbox 746 3517 778 3572; x_wconf 76' lang='lat' dir='ltr'>a</span> <span class='ocrx_word' id='word_1_221' title='bbox 804 3507 1051 3574; x_wconf 80' lang='lat' dir='ltr'>ccxxxrr.</span> 
     </span>
    </p>
   </div>
   <div class='ocr_carea' id='block_1_10' title="bbox 277 3651 1241 3744">
    <p class='ocr_par' dir='ltr' id='par_1_10' title="bbox 277 3651 1241 3744">
     <span class='ocr_line' id='line_1_32' title="bbox 277 3651 1241 3744; baseline 0.003 -24"><span class='ocrx_word' id='word_1_222' title='bbox 277 3654 543 3724; x_wconf 84' lang='lat' dir='ltr'>Fundamentum</span> <span class='ocrx_word' id='word_1_223' title='bbox 566 3651 663 3741; x_wconf 83' lang='lat' dir='ltr'>hujus</span> <span class='ocrx_word' id='word_1_224' title='bbox 692 3655 801 3720; x_wconf 78' lang='lat' dir='ltr'>tutelae</span> <span class='ocrx_word' id='word_1_225' title='bbox 833 3665 1048 3744; x_wconf 87' lang='lat' dir='ltr'>patronorum</span> <span class='ocrx_word' id='word_1_226' title='bbox 1069 3659 1155 3725; x_wconf 86' lang='lat' dir='ltr'>idem</span> <span class='ocrx_word' id='word_1_227' title='bbox 1179 3660 1241 3732; x_wconf 85' lang='lat' dir='ltr'>est,</span> 
     </span>
    </p>
   </div>
   <div class='ocr_carea' id='block_1_11' title="bbox 119 3742 1242 3836">
    <p class='ocr_par' dir='ltr' id='par_1_11' title="bbox 119 3742 1242 3836">
     <span class='ocr_line' id='line_1_33' title="bbox 119 3742 1242 3836; baseline -0.005 -21"><span class='ocrx_word' id='word_1_228' title='bbox 119 3777 122 3782; x_wconf 94' lang='lat'>·</span> <span class='ocrx_word' id='word_1_229' title='bbox 181 3821 186 3830; x_wconf 43' lang='grc'><strong>,</strong></span> <span class='ocrx_word' id='word_1_230' title='bbox 231 3745 321 3836; x_wconf 83' lang='lat' dir='ltr'>quod</span> <span class='ocrx_word' id='word_1_231' title='bbox 346 3742 498 3830; x_wconf 80' lang='lat' dir='ltr'>tegitimae</span> <span class='ocrx_word' id='word_1_232' title='bbox 525 3756 731 3830; x_wconf 84' lang='lat' dir='ltr'>agnatorum.</span> <span class='ocrx_word' id='word_1_233' title='bbox 752 3744 961 3836; x_wconf 86' lang='lat' dir='ltr'>Ubicumque</span> <span class='ocrx_word' id='word_1_234' title='bbox 984 3760 1030 3812; x_wconf 88' lang='lat' dir='ltr'>est</span> <span class='ocrx_word' id='word_1_235' title='bbox 1050 3746 1242 3827; x_wconf 79' lang='lat' dir='ltr'>successionis</span> 
     </span>
    </p>
   </div>
   <div class='ocr_carea' id='block_1_12' title="bbox 233 3833 1240 3936">
    <p class='ocr_par' dir='ltr' id='par_1_12' title="bbox 233 3833 1240 3936">
     <span class='ocr_line' id='line_1_34' title="bbox 233 3833 1240 3936; baseline -0.007 -30"><span class='ocrx_word' id='word_1_236' title='bbox 233 3836 508 3920; x_wconf 78' lang='lat' dir='ltr'>emolumentum,</span> <span class='ocrx_word' id='word_1_237' title='bbox 528 3833 573 3902; x_wconf 90' lang='lat' dir='ltr'>ibi</span> <span class='ocrx_word' id='word_1_238' title='bbox 590 3845 622 3902; x_wconf 88' lang='lat' dir='ltr'>et</span> <span class='ocrx_word' id='word_1_239' title='bbox 645 3857 728 3918; x_wconf 78' lang='lat' dir='ltr'>onus</span> <span class='ocrx_word' id='word_1_240' title='bbox 748 3835 857 3936; x_wconf 77' lang='lat' dir='ltr'>tutelae</span> <span class='ocrx_word' id='word_1_241' title='bbox 879 3857 942 3904; x_wconf 87' lang='lat' dir='ltr'>esse</span> <span class='ocrx_word' id='word_1_242' title='bbox 961 3835 1062 3906; x_wconf 88' lang='lat' dir='ltr'>debet.</span> <span class='ocrx_word' id='word_1_243' title='bbox 1083 3839 1156 3904; x_wconf 83' lang='lat' dir='ltr'>lam</span> <span class='ocrx_word' id='word_1_244' title='bbox 1177 3859 1240 3902; x_wconf 85' lang='lat' dir='ltr'>mo-</span> 
     </span>
    </p>
   </div>
   <div class='ocr_carea' id='block_1_13' title="bbox 0 0 1328 4496">
    <p class='ocr_par' dir='ltr' id='par_1_13' title="bbox 0 0 1328 4496">
     <span class='ocr_line' id='line_1_35' title="bbox 0 0 1328 4496; baseline 0 1"><span class='ocrx_word' id='word_1_245' title='bbox 0 0 1328 4496; x_wconf 95' lang='lat' dir='ltr'> </span> 
     </span>
    </p>
   </div>
  </div>
 </body>
</html>
