2646 4496
122 287 1076 428 ‚mmmmmmffl

409 442 678 579 ccxcvn.

92 629 245 702 Nimirum
269 637 491 703 Jnetininneo
519 639 748 724 emancipatio
769 638 806 702 fit
818 687 829 727 ,
852 661 921 706 non
943 661 1056 704 coram

58 719 199 810 principe,
212 727 266 792 sed
279 749 392 792 coram
408 727 532 810 judice,
549 739 580 790 et
595 727 727 814 quidem
741 750 809 792 non
821 750 936 793 coram
946 729 1056 814 judice
1105 746 1110 758 ’

58 824 257 898 competente,
275 817 329 880 sed
347 839 459 880 coram
479 817 861 902 quocumque,·quia.est
882 829 972 882 actus
997 841 1059 883 ro-

57 895 431 990 luntariaejnriedietionie.
450 905 641 992 Requiritur
658 905 787 992 itaque,
811 909 854 968 ιο.
872 918 907 969 nt
923 907 1060 972 adeatur

20 1043 21 1048 ,
55 983 139 1069 judex
157 993 398 1083 qualiscumque
419 994 485 1059 eive
508 995 558 1058 die
582 991 694 1058 feriato
716 993 782 1058 siae
801 993 968 1078 judiciali,
993 997 1060 1062 sive

57 1096 105 1160 pro
118 1078 264 1147 tribunati
280 1084 387 1148 sedeat
398 1083 520 1167 judex,
539 1083 606 1149 sive
623 1083 712 1148 domi
726 1082 778 1147 sit.
794 1082 884 1147 Nam
898 1097 988 1150 actus
1001 1081 1062 1150 vo·

57 1163 184 1233 luntariae
197 1171 451 1254 jurisdictionis,
471 1174 546 1258 quia
570 1193 630 1236 uec
651 1171 838 1236 citationem
858 1194 918 1236 nec
942 1196 1062 1240 caussae

57 1255 256 1338 coguitionem
276 1261 466 1347 requirunt,
486 1271 520 1324 et
535 1260 645 1326 diebus
665 1261 784 1326 feriatis
807 1272 839 1325 et
857 1273 951 1328 extra
971 1262 1062 1348 judi-

20 1369 22 1414 t
57 1339 129 1406 cium
149 1362 279 1435 pomum
297 1350 472 1438 explicari,
496 1348 582 1429 Le,
603 1349 627 1414 t.
650 1354 689 1428 8,
711 1347 749 1414 C.
771 1349 813 1413 de
817 1349 947 1434 fartim
968 1351 1061 1436 §.a‚

58 1429 130 1496 loct.
153 1442 193 1504 de
216 1439 396 1508 liberticam.
421 1451 469 1502 2⁰.
486 1437 535 1502 Ut
549 1449 583 1502 et
605 1435 690 1502 filius
711 1437 791 1502 adsit
817 1449 848 1500 et
870 1437 1062 1504 consentiat.

20 1581 22 1612 ζ
56 1517 146 1586 Hodie
164 1526 253 1590 enim
275 1526 476 1616 emancipari
495 1548 563 1592 non
579 1537 684 1614 potest
701 1527 843 1607 invitus,
858 1527 913 1590 eed
927 1549 1063 1593 consen-

20 1645 21 1662 2
57 1607 139 1689 tiens,
154 1613 232 1696 1.-5,
253 1615 289 1680 0.
303 1618 347 1680 de
360 1639 491 1683 emano.
508 1615 566 1681 lib.
582 1615 676 1682 Nou.
693 1620 760 1702 89,
775 1639 802 1680 c.
821 1637 862 1678 n.
880 1615 925 1679 5⁰.
942 1617 989 1681 Ut
1001 1618 1063 1682 de*

20 1749 21 1754 ,
57 1699 140 1763 claret
159 1718 269 1792 pater,
291 1729 323 1770 se
343 1705 432 1770 hunc
451 1701 556 1770 filium
577 1706 692 1770 veilee
714 1704 989 1796 patriapotestate
1011 1707 1065 1770 di-

20 1805 21 1818 *
57 1788 186 1874 mittere,
211 1805 246 1860 et
264 1793 350 1858 tilius
363 1794 532 1873 'declaret‚
554 1793 613 1857 sibi
637 1795 722 1859 hanc
744 1793 946 1858 voluntatem
965 1795 1066 1881 patrie

20 1859 22 1948 i
57 1878 176 1964 placere.
208 1883 264 1948 4⁰.
291 1885 336 1950 Ut
358 1883 459 1972 judex
490 1883 560 1949 haec
588 1879 706 1948 referat
732 1881 886 1960 inacta,
914 1883 987 1964 vel,
1015 1886 1065 1948 nti

20 1969 21 2004 ³
57 1967 136 2032 hodie
149 1971 349 2060 loquuntur,
367 1985 404 2038 ut
416 1971 568 2037 irueribat
584 1971 781 2038 Protccclto.
795 1970 845 2034 Eo
867 1972 957 2036 enim
977 1970 1064 2038 facto

57 2058 147 2122 atatim
162 2061 304 2150 perfecta
323 2073 471 2128 caueatur
490 2061 728 2150 emancipatio,
745 2081 805 2150 per
830 2059 856 2126 l.
876 2061 936 2126 ult.
962 2062 1000 2127 0.
1024 2063 1066 2128 de

58 2168 171 2217 emano.
184 2152 246 2218 lib.

409 2293 698 2379 eoxovnn

92 2443 256 2530 Quaeritur
277 2456 388 2510 autem
399 2493 409 2526 ,
429 2449 522 2509 anet
543 2443 663 2512 invitus
685 2455 777 2534 pater
791 2443 833 2510 ad
854 2445 1069 2537 emancipan-

57 2527 124 2596 dum
143 2539 215 2622 cogi
237 2535 362 2622 possit?
380 2533 417 2598 td
436 2533 596 2600 ordinarie
612 2545 751 2620 negatur
765 2555 808 2599 ex
825 2535 939 2601 ecdem
960 2549 1070 2602 nostro

75 2621 203 2712 rincipio
219 2625 270 2711 (ἕ.
291 2623 392 2710 ¹9⁰·i·
407 2622 515 2686 Patria
529 2624 616 2688 enim
631 2635 769 2710 potestas
782 2635 828 2688 est
840 2625 1024 2690 dominium
1036 2628 1072 2692 in

54 2641 167 2777 iberos.
194 2711 487 2798 Quemadmodum
508 2733 587 2796 ergo
609 2713 730 2776 invitus
754 2733 852 2776 nemo
878 2715 1006 2808 cogitur
1029 2716 1071 2779 ad

54 2799 253 2866 alienandum
267 2813 299 2866 et
313 2801 530 2866 abdicandum
545 2799 728 2876 dominium
742 2823 839 2864 suum
855 2827 863 2863 ε
877 2801 921 2865 ita
935 2814 967 2866 et
980 2805 1072 2889 pater

54 2890 116 2976 cogi
130 2913 199 2956 non
214 2901 319 2980 potest
335 2889 381 2966 ad
397 2889 648 2978 emancipandcs
667 2888 783 2954 liberos
799 2890 833 2951 in
847 2901 1002 2976 potestate
1014 2911 1072 2955 sua

54 2980 245 3044 constitutos.
263 2979 325 3044 Sed
341 2979 375 3043 in
389 2980 419 3064 S.
436 2979 498 3042 ult.
516 2979 602 3042 Inat.
621 2980 652 3042 Ιι.
670 2989 693 3042 t.
711 2977 847 3056 dicitur,
860 2981 1072 3065 patermutio

48 3089 129 3152 pene
153 3069 259 3135 modo
289 3070 424 3157 cogitur
436 3093 448 3146 ,-
470 3089 539 3131 non
563 3067 682 3132 dicitur
707 3067 873 3146 absolute,
895 3087 973 3130 euru
1000 3069 1073 3156 cogi

53 3177 113 3222 non
134 3180 248 3248 ponae,
272 3157 326 3222 sed
348 3157 439 3220 nullo
463 3179 547 3310 pene
570 3155 668 3221 modo
694 3158 767 3242 cogi
794 3169 883 3243 posse
906 3180 916 3218 e
935 3178 979 3221 ex
1005 3181 1073 3245 quc

53 3259 147 3332 petet,
162 3269 229 3313 esee
242 3247 397 3334 quasdam
411 3245 452 3310 ab
474 3267 526 3310 rac
539 3245 651 3332 regula
664 3244 882 3333 exceptiones,
897 3244 920 3310 i.
934 3267 964 3312 e.
976 3269 1075 3334 quos·

54 3335 123 3400 dem
139 3361 251 3415 cacus,
273 3336 389 3423 quibus
408 3345 440 3399 et
462 3335 583 3400 invitus
605 3345 696 3423 pater
717 3335 845 3421 cogitur
868 3339 1076 3426 emancipare

54 3421 173 3494 liberos.
190 3429 256 3492 Eos
276 3421 465 3490 videbimus'.
489 3425 646 3495 Doctores
664 3425 773 3510 plures
795 3435 989 3510 numerant,
1004 3447 1077 3492 eca-
1131 3499 1134 3506 „

53 3535 111 3602 quc
126 3515 296 3583 memoriae
310 3537 418 3582 caussa
434 3513 484 3579 his
497 3511 661 3579 versiculis
673 3511 845 3578 includunt
859 3541 868 3577 ι

129 3679 175 3756 (α)
187 3680 219 3738 Si
229 3678 343 3756 genitor·
355 3696 448 3734 sarua
461 3677 516 3743 sit,
534 3673 577 3754 (b)
587 3675 807 3750 prostituatque
819 3675 968 3750 pudorem

131 3763 235 3830 Nate,
256 3759 301 3840 (c)
317 3771 370 3816 aut
387 3759 501 3834 pupillo
518 3757 619 3814 forsan
635 3757 797 3814 damnosus
816 3757 959 3829 adoptet:

133 3843 181 3918 (d)
194 3845 336 3920 Legatum
347 3853 400 3901 aut
412 3839 453 3918 (e)
466 3855 603 3896 nummos
614 3838 709 3914 capiat
722 3837 746 3894 si
755 3834 811 3895 hec
820 3838 1010 3914 conditione,
1037 3913 1040 3920 Ι
1078 3859 1081 3864 ·
1191 3879 1193 3886 1

133 3925 232 3982 Invito
245 3921 320 3982 solvi
330 3924 436 4000 poterit
450 3921 581 4002 genitore
592 3929 732 3998 potestas.

99 4005 197 4072 Paua
219 4020 341 4071 ruine.
908 4001 943 4086 Q
1060 4089 1084 4106 ,Ι
1158 4071 1163 4078 ,
