2644 4504
129 385 138 398 .
226 325 291 391 διο
458 325 631 393 LIBER
656 325 693 408 Ι,
718 327 828 394 ΤΙΤ.
858 325 1024 396 xxvi.

227 435 326 501 Hanc
336 437 423 500 enim
434 437 643 500 actionemet
654 433 747 500 linita
762 435 863 500 tutela
877 448 1061 525 competere
1072 483 1083 516 ,
1094 436 1166 501 satis
1181 437 1242 522 jans
1312 455 1313 500 ι

228 545 328 612 supra
338 524 541 615 explicatum
553 536 599 590 est
609 525 641 608 §.
655 524 733 592 265.

629 687 661 770 ς.
684 684 860 752 cccrn
948 629 953 640 ⁸

277 847 371 914 Nihil
391 859 555 938 superest,
574 869 676 935 quam
695 859 732 911 ut
747 848 899 934 quaedam
918 849 959 914 de
976 873 1037 914 usu
1056 849 1153 936 hujus
1171 851 1248 914 tituli
1313 919 1314 938 ,

231 937 414 1018 hodierno,
433 959 526 1002 more
546 948 676 1017 nostro,
694 935 911 1023 subjiciamus.
930 941 1022 1004 Olim
1040 938 1248 1026 frequentissi-

232 1024 410 1094 masinissa
422 1037 571 1092 tritorum
585 1035 810 1115 suspectorum
826 1029 1066 1109 accusationes,
1081 1041 1115 1094 et
1131 1053 1187 1092 suo
1205 1042 1248 1092 ta-

235 1139 314 1182 men
332 1127 480 1204 tempore
496 1138 549 1180 css
569 1115 673 1180 rarius
690 1113 870 1198 institutas,
890 1117 958 1207 ipse
976 1118 1125 1182 observat
1144 1119 1248 1206 Ulpia-

234 1229 319 1286 nus,
335 1227 434 1292 quem
449 1205 650 1294 temporibus
662 1205 772 1269 Severi
785 1216 818 1268 et
832 1207 996 1270 Antonini
1011 1208 1187 1272 Caracalla
1197 1207 1249 1272 tlo-

234 1295 336 1360 ruisse
349 1293 515 1373 novimus,
534 1294 570 1358 in
587 1293 610 1358 l.
632 1316 670 1374 r,
681 1318 738 1380 pr.
755 1294 845 1360 Inat.
857 1295 891 1358 b.
909 1307 933 1358 t.
953 1297 1052 1361 Ratio
1068 1298 1182 1385 procul
1195 1298 1248 1361 du·
1314 1323 1315 1328 ¹

235 1383 291 1450 bio
303 1382 383 1464 luit,
398 1384 474 1471 quia
486 1382 691 1470 magistratus
702 1385 805 1468 magis
819 1406 862 1448 ex
873 1383 981 1450 officio
994 1387 1097 1474 coepit
1110 1387 1248 1472 vigilare,

235 1493 342 1576 quum
358 1473 474 1552 sciret,
494 1473 531 1536 in
548 1471 725 1536 subsidium
744 1472 906 1538 actionem
923 1475 1076 1539 adversus
1096 1497 1130 1540 se
1146 1476 1247 1538 dutum

235 1563 300 1644 in,
322 1563 348 1627 si
371 1572 493 1627 tutores
511 1562 596 1627 male
613 1573 784 1648 gererent,
802 1574 836 1626 et
849 1561 1049 1647 fidejussores
1068 1563 1175 1629 idonei
1194 1585 1250 1628 cuc
1315 1611 1316 1650 ι

152 1675 157 1702 ⁶
236 1651 397 1718 desierint.
416 1651 506 1715 Hinc
516 1673 592 1715 sane
607 1672 650 1715 ex
664 1671 703 1715 eo
718 1661 865 1738 tempore
875 1674 944 1715 non
957 1661 1250 1742 putaruntexspec-
1315 1651 1316 1662 ³

235 1741 397 1820 tandum,
416 1741 520 1805 donec
542 1739 657 1828 aliquis
674 1751 796 1805 tutores
811 1753 972 1828 suspectos
990 1744 1188 1830 postularet,
1204 1740 1249 1806 sed

235 1831 298 1921 ipsi
316 1829 351 1894 in
365 1839 513 1894 tutorum
530 1850 637 1893 mores
653 1828 891 1915 inquisiverunt
908 1841 941 1894 et
960 1853 1014 1896 eos
1031 1835 1141 1896 statim
1155 1853 1250 1896 remo-

237 1929 358 1986 verunt
369 1968 379 1999 ,
398 1919 424 1982 si
444 1917 522 2008 quid
537 1917 725 2004 suspicionis
745 1929 935 2002 emergeret.
959 1920 998 1982 Et
1018 1920 1094 1986 inde
1111 1944 1178 1986 non
1197 1920 1250 1984 mi·

236 2031 335 2088 rum,
354 2009 573 2073 accusationes
586 2007 656 2072 illas
672 2006 762 2093 quasi
774 2007 922 2096 publicas
934 2018 1084 2074 tutorum
1102 2021 1251 2099 suspecto·

238 2121 316 2164 rum
332 2121 351 2161 a
369 2095 570 2198 temporibus
584 2096 719 2184 Ulpiani
737 2093 837 2160 factas
853 2119 917 2162 esse
935 2097 1085 2163 rariores.
1102 2102 1156 2166 Ex
1174 2120 1250 2186 quo,
1316 2139 1317 2174 ι

239 2187 346 2254 multo
362 2207 466 2272 magis
480 2207 570 2251 raras
587 2186 658 2250 illas
676 2183 772 2249 hodie
786 2207 850 2248 esse
866 2197 1034 2274 oportere,
1053 2186 1148 2252 facile
1162 2189 1252 2274 adpa-

240 2289 301 2343 ret.
317 2278 406 2342 Nam
425 2283 468 2340 1⁰.
487 2275 575 2363 apud
589 2297 647 2339 nos
664 2274 730 2363 ipsa
744 2273 921 2362 respublica
936 2275 1076 2340 crimina
1090 2289 1124 2342 ct
1136 2299 1184 2342 res
1194 2298 1252 2366 pes-

240 2367 315 2432 simi
334 2363 477 2452 exempli
497 2364 721 2454 persequitur,
737 2386 805 2427 non
825 2362 954 2452 privati.
972 2364 1015 2428 Et
1027 2365 1108 2430 binc
1125 2365 1175 2434 vel
1190 2388 1253 2452 pro·

241 2465 374 2521 curator
395 2453 464 2518 fisci
482 2476 554 2518 rem
576 2453 683 2517 statim
697 2453 891 2539 adjudicem
906 2450 1046 2535 deferet,
1068 2456 1124 2522 vel
1141 2455 1191 2520 hic
1205 2474 1252 2518 sua

240 2555 356 2634 sponte
378 2564 421 2608 ex
437 2541 544 2607 officio
563 2541 716 2629 inquiret.
740 2538 792 2606 2⁰.
813 2542 918 2608 Hodie
937 2543 1100 2632 plerisque
1120 2545 1196 2610 locis
1211 2563 1253 2606 re-

244 2643 378 2722 ceptum
401 2642 468 2712 est,
494 2641 528 2695 et
551 2630 586 2694 in
612 2631 790 2695 Germania
815 2631 913 2696 etiam
935 2633 1109 2698 recessibus
1139 2629 1253 2722 imperii
1316 2673 1318 2712 ,

241 2723 424 2798 sancitum,
446 2731 484 2784 nt
501 2731 623 2784 tutores
642 2720 814 2807 quotannis
835 2721 973 2785 rationes
994 2722 1153 2804 reddant,
1175 2743 1253 2797 non,
1316 2723 1317 2726 ’

240 2823 279 2876 ut
294 2811 383 2900 apud
400 2810 584 2889 Romanos,
599 2809 691 2874 finita
704 2809 837 2873 demum
850 2809 960 2874 tutela.
978 2811 1067 2874 Hinc
1084 2811 1139 2892 fit,
1152 2823 1187 2874 ut
1198 2810 1254 2874 sin·

243 2902 326 2988 gulis
339 2900 432 2964 annis
450 2899 529 2963 sciat
548 2899 771 2985 magistratus,
787 2921 851 2984 qua
867 2897 928 2962 lide
948 2910 1038 2962 tutor
1058 2901 1192 2966 tutelam
1200 2897 1254 2962 ad-

242 2991 422 3069 ministret,
445 2999 478 3054 et
496 2999 584 3052 tutor
598 3010 666 3052 non
683 2998 751 3050 tam
770 2984 863 3050 facile
883 2988 979 3075 possit
992 2987 1027 3052 in
1045 2987 1136 3054 bonis
1149 2983 1253 3079 pnpilli
1316 3027 1318 3078 3

243 3077 400 3166 grassari,
425 3079 568 3164 adeoque
592 3099 651 3142 nec
671 3075 873 3140 accusatione
893 3077 954 3141 hac
977 3073 1162 3164 frequenter
1183 3097 1254 3164 opus
1316 3083 1318 3154 ζ

243 3172 294 3233 sit.
315 3167 476 3248 Accedit,
501 3168 546 3232 5⁰.
567 3166 654 3253 quod
677 3164 771 3229 hodie
791 3165 929 3230 rariores
946 3177 1022 3230 sunt
1043 3169 1182 3232 actiones
1200 3186 1255 3254 po⁴
1317 3183 1318 3206 ι

243 3259 393 3347 palates,
412 3257 468 3320 ubi
484 3256 619 3343 quisque
638 3275 680 3318 ex
695 3253 818 3342 populo
838 3255 935 3342 possit
954 3277 1059 3341 agere.
1076 3257 1138 3322 Sed
1157 3268 1254 3320 tamen

244 3347 352 3410 adhuc
368 3346 487 3432 ubique
504 3355 671 3431 receptum
692 3356 728 3408 ut
747 3344 771 3408 si
790 3344 962 3431 adpareat,
980 3356 1122 3412 tutorem
1141 3367 1182 3410 ex
1200 3341 1255 3406 fide

243 3457 312 3498 non
333 3435 477 3520 gessisse,
498 3433 524 3498 is
546 3432 588 3498 ob
607 3433 721 3497 dolum
740 3433 907 3497 vellatum
928 3433 1060 3522 culpam
1081 3457 1157 3500 cum
1178 3431 1255 3496 inla-

244 3523 311 3588 mia
331 3533 555 3608 remorentur,
570 3521 695 3592 etiamsi
709 3522 800 3588 nulla
814 3525 1014 3591 antecesserit
1030 3523 1119 3612 quasi
1136 3519 1255 3613 publica
1317 3617 1318 3632 χ

244 3612 416 3683 accusatio.
