2644 4504
433 131 447 200 ι
816 101 846 207 θ,

206 131 389 298 §ndis
436 216 440 228 ·
490 186 754 248 erimarus·
824 157 1079 292 ,wulf‘j

284 324 350 392 284
528 323 1058 408 crassumxxn.
1163 313 1167 322 '

281 433 508 501 tractationem
530 436 713 523 Imperator
736 437 846 524 rejecit
863 437 899 502 in
922 439 1033 502 titulos
1056 437 1182 502 ultimos
1203 436 1283 521 hujus

281 523 358 590 libri
369 575 380 608 ,
394 547 461 614 quo
474 538 507 590 et
520 547 580 590 nos
593 549 664 591 rem
677 528 838 612 integram
852 527 1060 593 servabimus.

657 675 687 758 §-
717 673 942 740 ccnxnr.

332 821 409 887 Jam
422 845 501 888 vero
513 822 645 908 majoris
657 822 816 886 momenti
831 823 964 910 qnaestio
977 835 1041 902 est,
1053 823 1129 910 quid
1143 821 1234 886 tutori
1247 822 1287 884 in·

283 911 418 976 cumbat
431 911 523 977 finita
538 912 635 976 tutela
648 911 663 976 l
685 911 782 1000 Resp.
799 923 835 975 ut
851 913 989 976 rationes
1002 915 1115 980 reddat
1134 911 1282 997 etreliqua

283 1003 440 1068 restituar.
456 1001 530 1066 Hoc
544 1001 721 1066 erratione
738 1002 845 1066 tutelae
856 1000 938 1065 fluit.
955 1003 1063 1066 Datur
1080 1011 1167 1066 tutor
1180 1001 1285 1089 prima·

285 1091 336 1154 rio
356 1111 499 1178 personae
512 1116 520 1153 ε
532 1089 722 1156 secundario
735 1091 798 1171 rei,
815 1090 864 1177 (5
889 1091 950 1156 106
967 1088 1017 1178 *).
1037 1089 1106 1176 Qui
1127 1115 1174 1156 res
1189 1090 1284 1153 alienas
1311 1127 1313 1148 ι

284 1179 508 1260 administrat,
528 1179 555 1244 is
577 1189 705 1243 tenetur
728 1178 770 1242 ad
796 1180 935 1245 rationes
956 1181 1158 1266 reddendas,
1176 1201 1244 1266 ergo
1262 1189 1285 1241 et

285 1280 386 1332 tutor.
406 1267 484 1332 Non
507 1268 596 1356 prius
618 1281 729 1333 autem
748 1268 820 1349 inre
843 1268 997 1333 Romano
1019 1269 1158 1334 rationes
1181 1268 1283 1344 reddit,

285 1379 387 1446 quam
402 1356 495 1422 finita
509 1357 629 1437 tutela,
647 1358 668 1420 l.
680 1381 705 1442 9
716 1407 727 1436 ,
740 1355 770 1442 S.
784 1356 826 1438 4,
833 1355 880 1446 ff.
901 1357 944 1422 de
957 1369 1019 1422 tut.
1037 1369 1071 1422 et
1082 1369 1149 1423 rat.
1162 1355 1283 1422 distrui.

286 1447 364 1533 quia
378 1445 612 1512 administratio
635 1468 749 1511 rerum
763 1468 829 1511 non
851 1447 939 1534 prim
959 1458 1068 1512 cessat.
1090 1447 1153 1512 Sed
1167 1445 1236 1533 quid
1248 1494 1254 1519 ,
1267 1445 1285 1505 si
1313 1453 1314 1530 t

285 1535 370 1600 nolit
388 1547 477 1601 tutor
500 1535 639 1602 rationes
656 1535 813 1600 reddere?
827 1535 924 1602 Tunc
940 1535 1029 1601 locus
1044 1547 1092 1602 est
1109 1535 1230 1600 actioni
1248 1545 1284 1596 tu·
1313 1543 1314 1552 ’

288 1626 457 1689 tabacum
472 1624 651 1690 actionibus
666 1624 883 1712 desuspactis
905 1626 1076 1692 tutoribus
1096 1638 1129 1690 et
1146 1624 1185 1688 de
1204 1624 1284 1688 ratis·

287 1713 390 1778 nibus
410 1713 644 1778 distrahendis
657 1737 725 1778 non
744 1712 991 1784 consmrdendae.
1007 1713 1169 1778 Differunt
1181 1712 1256 1778 enim
1266 1720 1286 1774 at

286 1813 458 1890 tempore,
473 1825 539 1890 quo
553 1803 757 1869 instituendae
767 1815 843 1868 sunt
851 1853 861 1884 ,
874 1799 1004 1890 alfiae,
1018 1826 1118 1890 quem
1130 1801 1284 1868 intendunt.

287 1893 390 1958 Actio
407 1893 449 1957 de
471 1893 636 1980 suspectis
646 1892 822 1958 instituitur
847 1891 995 1958 durante
1019 1893 1149 1972 tutela,
1172 1891 1198 1955 si
1219 1901 1285 1952 tutor

286 2003 355 2046 non
370 2004 413 2046 ex
427 1979 490 2046 fide
504 1993 595 2068 gerat
605 2007 613 2046 ε
625 1983 714 2048 actio
728 1981 842 2048 tutela
853 1981 1030 2048 instituitur
1033 1977 1151 2068 finita
1161 1977 1254 2046 tutela
1263 1985 1285 2040 st

287 2069 480 2135 rationibus
493 2071 649 2136 nondum
662 2069 803 2156 redditis
815 2097 827 2136 .·
838 2072 925 2136 actio
947 2070 988 2134 de
1006 2069 1232 2136 distrahendis
1246 2089 1286 2129 ra·
1314 2031 1315 2126 l

288 2158 439 2224 tionibus
446 2158 531 2248 jum
546 2159 689 2225 redditis
706 2159 856 2247 quidem,
872 2159 927 2224 sed
940 2160 1025 2224 male
1044 2171 1077 2224 et
1092 2157 1286 2224 fraudulenter

286 2248 429 2313 redditis.
452 2249 573 2314 Primae
598 2249 732 2314 actionis
753 2249 825 2314 linis
839 2259 901 2328 est,
913 2260 950 2312 ut
973 2260 1060 2313 tutor
1080 2257 1288 2322 removeatur,

286 2338 453 2416 secundm,
466 2349 504 2401 ut
518 2338 668 2403 rationes
690 2339 830 2418 reddit,
846 2338 947 2403 tertiae
959 2337 1099 2426 denique
1106 2387 1116 2418 ,
1131 2349 1166 2400 nt
1177 2335 1288 2401 rationes

286 2425 328 2489 ab
340 2427 395 2490 illo
403 2426 536 2491 redditae
545 2427 853 2508 distraltantur,at,
865 2427 992 2516 siquid
1002 2426 1223 2501 subtraxerit,
1234 2422 1288 2508 ejus

288 2513 436 2601 duplum
449 2517 618 2582 restituat.
640 2515 794 2582 Ceterum
813 2518 852 2582 de
875 2517 1001 2582 actione
1016 2516 1125 2582 tutelae
1139 2515 1288 2580 observan-

286 2603 387 2684 dum,
399 2625 473 2668 eam
488 2612 531 2668 ι’.
548 2625 612 2668 esse
624 2607 675 2671 vel
689 2607 854 2672 directam
868 2606 920 2671 vel
930 2607 1155 2671 contrariam.
1171 2603 1290 2668 Diserta

286 2691 384 2758 datur
399 2691 524 2782 pupillo
539 2704 610 2781 post
627 2695 831 2782 pubertatem
847 2706 961 2760 contra
975 2705 1119 2760 tutorem
1133 2693 1232 2780 ejusve
1245 2689 1289 2752 he·

285 2783 376 2849 redes
398 2781 441 2848 ad
462 2781 640 2848 reddendas
660 2787 799 2850 rationes
820 2795 852 2849 et
866 2783 989 2872 reliqua
1004 2782 1196 2848 restituenda
1209 2807 1216 2844 ι
1228 2799 1289 2843 eon·
1314 2793 1316 2810 ⁴

287 2873 438 2940 trarium
467 2895 543 2938 vero
568 2871 706 2938 instituit
733 2885 821 2938 tutor
845 2872 936 2938 finita
959 2873 1061 2938 tutela
1080 2873 1226 2940 adversus
1244 2887 1289 2955 pu·
1314 2909 1316 2918 ι

285 2963 424 3052 pillum,
446 2973 484 3027 ut
505 2985 537 3027 se
553 2961 742 3028 indemnem
765 2973 910 3051 prestet,
936 2985 965 3026 e.
983 2983 1016 3049 g.
1036 2961 1062 3026 si
1084 2973 1174 3028 tutor
1191 2960 1223 3024 iu
1236 2973 1288 3020 rem

284 3051 404 3142 pupilli
425 3051 586 3142 impensas
610 3049 744 3134 fecerit,
763 3053 789 3118 si
817 3051 978 3118 damnum
993 3051 1060 3116 sine
1077 3052 1174 3140 culpa
1193 3069 1244 3112 sua
1260 3059 1289 3106 ex

285 3141 387 3207 tutela
405 3165 515 3232 passus
529 3140 586 3220 sit,
604 3153 666 3223 etc.
1271 3218 1276 3230 Ι
1314 3135 1316 3224 l

331 3229 585 3298 Observandum
599 3229 765 3297 decadem
779 3229 924 3311 actione,
939 3235 984 3294 2⁰.
998 3228 1085 3318 quod
1101 3229 1216 3294 directa
1227 3232 1291 3286 actio
1315 3291 1316 3314 ξ

285 3317 438 3401 infamet,
462 3321 487 3385 si
508 3331 597 3385 tutor
611 3331 746 3408 propter
760 3319 875 3384 dolum
890 3321 942 3384 vel
956 3321 1090 3408 culpam
1106 3319 1203 3382 latam
1214 3307 1289 3377 fuerit

286 3410 542 3490 condemnatus,
558 3409 581 3472 i.
598 3432 628 3488 s,
632 3407 680 3498 ff
693 3403 734 3473 de
751 3409 804 3474 bis
819 3409 881 3498 qui
895 3421 964 3473 not.
981 3405 1105 3496 insum.
1120 3407 1195 3492 Quo
1206 3399 1290 3484 majo·

286 3519 359 3564 rem
375 3497 464 3562 enim
488 3497 524 3560 in
547 3519 586 3562 ec
610 3499 808 3562 collocamus
834 3497 1020 3578 fiduciam,
1048 3518 1146 3586 quem
1173 3501 1290 3558 tutorem

289 3587 406 3651 dantus
423 3585 579 3675 pupillis,
597 3609 635 3650 eo
654 3587 781 3676 turpior
796 3599 843 3651 est
859 3587 969 3668 dolus,
991 3610 1056 3674 quo
1075 3585 1231 3676 pupillum
1244 3576 1291 3640 cir-

288 3677 473 3758 cumvenit,
489 3687 521 3742 et
534 3675 611 3740 hinc
625 3675 678 3742 ille
693 3677 810 3740 merito
822 3673 955 3742 infamia
968 3687 1143 3768 coercetur.

338 3823 375 3878 Ut
390 3822 518 3878 rationes
534 3818 668 3895 reddas]
691 3821 736 3876 Ita
756 3819 828 3904 Cod.
848 3821 928 3895 Nep.
947 3833 1001 3877 are.
1017 3815 1076 3902 2469
1093 3830 1121 3876 et
1135 3833 1209 3891 seqq.
1225 3803 1291 3874 Adde

293 3901 374 3966 Cede
386 3904 424 3960 de
433 3903 558 3964 Proced.
573 3915 626 3960 are.
638 3900 693 3984 [ιι]
707 3915 735 3960 et
744 3907 824 3978 seqq.
1166 3945 1170 3954 .
