2644 4504
182 423 186 430 ,
297 347 807 441 nncuesroumus
1019 375 1151 463 unt

13 521 14 538 .
73 496 128 540 nou
142 499 239 566 posse.
255 478 300 568 (b)
316 481 378 545 Per
392 481 627 562 remotionem,
641 495 719 570 puta
734 533 743 563 ,
757 483 782 547 si
803 493 935 548 curator
953 505 1021 548 uon
1040 507 1085 550 ex

13 575 15 652 t
72 561 124 628 fide
140 579 249 652 gerat,
268 579 301 632 et
320 569 398 636 hinc
418 581 587 656 tamquam
607 584 771 660 suspectus
788 584 1004 642 removeatur.
1021 573 1085 640 Sed

13 655 15 748 1
72 653 105 718 de
117 655 161 720 his
171 657 237 724 Tit.
252 659 377 746 penult.
390 671 422 723 et
437 660 495 724 ult.
513 660 667 724 dicemus.

106 799 137 852 ln
155 799 248 856 Gallia
267 800 342 858 sicut
360 803 479 870 Romae,
491 814 621 859 cessante
634 802 850 862 interdictionis
864 803 975 875 causi,
995 815 1088 862 cessat
1125 787 1133 802 ⁸

13 897 14 956 ᾗ
71 877 235 938 interdictio.
256 881 320 938 Hoc
339 893 436 938 tamen
454 883 594 953 interest,
612 885 696 960 quod
717 885 748 941 in
770 886 863 944 Gallit
883 888 944 943 haec
964 887 1088 944 cessatio

13 965 14 1030 ᾗ
72 979 125 1015 non
143 962 175 1018 fit
193 963 258 1038 ipso
279 962 366 1038 jure,
388 965 439 1020 sed
457 967 572 1021 tantum
590 979 706 1023 servato
723 969 813 1024 modo
831 989 893 1045 quo
911 969 942 1024 iu
960 967 1089 1025 interdi-

71 1043 152 1202 ceppo
171 1045 271 1102 suerat
292 1063 475 1122 processum.
500 1045 573 1105 Cod.
592 1049 673 1128 Nep.
697 1062 754 1111 art.
775 1049 832 1108 512.
851 1051 936 1108 Adde
959 1063 1011 1108 art.
1037 1047 1090 1108 tit

13 1143 15 1194 g
71 1142 96 1180 ur
127 1145 170 1185 ne.
275 1161 280 1170 ·

419 1251 733 1338 ucenxxvn

111 1411 171 1476 ΙΙΙ.
186 1407 409 1500 AEquelaeilis
427 1422 473 1474 est
488 1413 642 1498 quaetio,
662 1435 740 1498 quae
753 1412 841 1476 aetio
856 1411 1020 1500 adversus
1033 1437 1094 1478 cu-

75 1513 216 1566 ratorem
231 1509 400 1586 competat
407 1497 518 1586 finito
529 1501 613 1584 jam
631 1500 809 1564 curatela?
825 1501 1093 1589 Respondemus,

75 1592 155 1658 actio
177 1589 313 1667 tutelae,
336 1587 375 1652 de
397 1610 462 1676 qua
482 1611 578 1676 supra
600 1589 649 1676 (5.
674 1589 768 1671 265.)
790 1589 953 1669 diximus,
977 1614 1094 1658 verum

75 1701 134 1742 non
147 1681 270 1746 directa
284 1727 293 1758 ,
307 1677 360 1742 sed
379 1679 484 1746 utilis.
502 1678 791 1763 Quemadmodum
805 1679 912 1766 itaque
926 1677 1018 1744 finita
1038 1691 1095 1743 tu·
1187 1673 1189 1680 ⁴

74 1770 130 1834 tela
152 1769 220 1856 agit
239 1767 382 1856 pupillus
403 1769 554 1833 adversus
573 1779 735 1848 tutorem,
753 1779 789 1830 ut
806 1770 944 1833 rationes
961 1769 1075 1833 reddat
1085 1817 1096 1850 ,

75 1870 103 1921 et
121 1860 244 1945 reliqua
266 1857 432 1930 restituats
452 1869 484 1920 et
505 1867 619 1920 contra
633 1868 723 1920 tutor
741 1857 891 1921 adversus
907 1857 1093 1948 pupillum,

76 1959 107 2011 ut
121 1968 152 2013 se
169 1937 357 2011 indemnem
377 1955 526 2032 praestet,
544 1946 566 2010 l.
585 1969 768 2034 1,pr.eeq.
778 1943 826 2036 ff.
845 1946 886 2010 de
903 1957 965 2022 tut.¹
981 1957 1014 2010 et
1028 1957 1095 2010 rot.

13 2085 15 2100 .
76 2037 213 2102 distralt.
235 2037 278 2100 ita
303 2045 333 2099 et
357 2035 499 2098 curatela
525 2035 614 2100 linita
639 2037 705 2120 agit
728 2035 927 2100 minorennis
947 2036 1099 2102 adversus

13 2137 14 2198 ᾗ
76 2138 272 2206 curatorem,
293 2135 329 2187 ut
353 2122 492 2188 rationes
513 2124 647 2205 reddat,
671 2135 702 2188 et
726 2123 851 2211 reliqua
876 2126 1044 2205 restituat3
1066 2135 1099 2188 et
1128 2192 1134 2212 .

13 2207 15 2278 ζ
76 2227 184 2280 contra
203 2223 334 2280 curator
348 2211 498 2276 adversus
512 2213 737 2278 minorennem
749 2262 758 2294 ,
771 2213 863 2300 eujus
880 2237 930 2279 res
948 2215 1074 2280 curavit
1088 2263 1099 2294 ,

78 2301 113 2368 ad
130 2301 388 2390 consequendam
407 2301 669 2383 indemnitatem,
685 2302 707 2366 l.
723 2303 763 2380 3,
773 2295 819 2370 ¹0.
840 2302 880 2368 de
894 2302 1017 2369 arbitr.
1033 2313 1098 2368 tut.

13 2449 14 2468 ,
77 2394 156 2458 Haec
171 2391 286 2460 facilia.
303 2391 365 2470 Sed
380 2389 410 2453 id
431 2391 567 2454 unicum
586 2391 693 2456 adhue
707 2389 939 2480 dispectionem
953 2405 1099 2458 nostram

13 2475 15 2538 ῗ
77 2495 237 2561 meretur,
254 2503 314 2544 cur
329 2481 398 2544 hoec
412 2487 496 2543 actio
513 2479 639 2544 dicatur
655 2479 767 2559 utilia,
781 2503 884 2566 quum
899 2482 1013 2562 altera,
1027 2504 1102 2570 quaa
1177 2557 1183 2567 μ

78 2572 160 2638 inter
176 2582 318 2634 tutorem
332 2579 364 2632 et
378 2569 541 2655 pupillum
557 2569 726 2656 competit,
740 2569 866 2635 dicatur
878 2571 1028 2636 directa?
1041 2572 1102 2635 Se-

79 2661 143 2726 mel
155 2661 217 2725 hoc
232 2657 454 2736 monendum,
474 2657 561 2744 quod
575 2658 689 2746 saepius
702 2670 858 2738 recurret.
874 2660 1103 2747 Quacumque

13 2805 14 2816 ,
81 2751 217 2814 actiones
231 2769 280 2816 ex.
291 2749 374 2833 ipsis
394 2745 505 2812 verbio
522 2745 600 2832 legio
622 2745 749 2824 fluunt,
768 2747 923 2812 dicuntur
939 2747 1103 2814 directae.-

82 2861 151 2925 quas
165 2862 184 2902 a
199 2835 439 2902 iurisconsultis
453 2857 510 2922 per
524 2834 823 2922 interpretationem
842 2832 983 2902 invente
1004 2847 1102 2914 sunt,

82 2929 236 3014 quianon
253 2925 440 3013 quidemex
456 2923 578 3004 verbis,
598 2923 652 2988 sed
674 2935 784 2987 tamen
806 2949 847 2998 ex
867 2935 1000 2989 ratione
1019 2925 1105 3014 legis

13 3017 14 3050 ³
82 3015 204 3097 iluunt,
219 3017 284 3080 illae
295 3013 449 3080 dicuntur
465 3013 666 3100 utilemque
680 3011 818 3098 denique
832 3035 850 3078 a
865 3023 1004 3104 praetore
1020 3036 1106 3102 prae·-

84 3116 130 3169 ter
152 3103 249 3170 verba
277 3102 354 3186 legis
376 3101 600 3181 inducuntur,
627 3102 689 3166 illae
716 3113 873 3166 vocantur.
896 3105 1046 3168 actiones
1069 3103 1108 3168 in

77 3193 220 3281 factum.
242 3193 342 3279 Cujus
360 3192 408 3256 rei
427 3191 554 3278 elegans
572 3191 762 3277 exemplum
778 3202 824 3254 est
838 3191 874 3254 iu
887 3191 919 3277 §.
937 3189 999 3256 ult.
1015 3192 1107 3274 Inst.

86 3285 126 3347 de
138 3285 159 3347 l.
176 3282 297 3372 Aqutt.
310 3280 366 3344 ubi
377 3279 566 3352 describitur
578 3278 661 3344 actio
673 3300 715 3344 ex
728 3279 799 3366 lege
814 3278 946 3366 Aquilia
962 3279 1105 3360 directa,
1176 3279 1179 3286 “

88 3373 180 3438 utilis
192 3371 225 3438 et
241 3373 278 3436 in
283 3369 434 3458 sactum.
451 3369 538 3456 Quia
560 3369 669 3454 itaque
682 3369 774 3454 leges
796 3367 866 3434 Xll
889 3365 995 3436 Tabb.
1011 3391 1109 3436 men-

88 3461 206 3527 tionem
221 3461 352 3548 quidem
367 3457 511 3524 fecerant
528 3457 673 3525 actionis
693 3458 826 3537 tutelae,
848 3457 888 3524 de
906 3459 1111 3526 curatoribus

90 3563 195 3616 autem
210 3573 252 3615 ne
266 3548 404 3614 verbum
422 3548 554 3632 quidem
572 3545 772 3633 adjecerant,
791 3547 870 3612 hinc
884 3547 1112 3616 Jurisoonsutti

91 3652 242 3724 putarunt
250 3688 260 3720 ,
272 3659 345 3702 eam
358 3636 519 3701 actionem
533 3635 642 3700 tutelae
655 3635 897 3708 accommodari
909 3639 1007 3704 etiam
1022 3659 1112 3728 posse

90 3729 303 3805 curatoribus,
327 3727 421 3812 quia,
445 3723 506 3790 att
525 3724 644 3790 eadem
663 3735 714 3806 est
731 3727 821 3790 ratio
830 3774 842 3806 ,
858 3725 908 3794 ibi
927 3727 1047 3791 eadem
1063 3737 1113 3791 est

78 3816 173 3899 jurio
186 3817 371 3905 dispositio.
388 3814 430 3878 Et
451 3813 529 3880 hinc
551 3835 625 3880 eam
643 3814 803 3882 actionem
827 3827 988 3882 vocarunt
1005 3815 1115 3882 actio·

91 3926 166 3974 nem
180 3909 292 3974 tutelae
308 3903 439 3972 utilem.

919 4033 983 4102 Ta
