2710 4504
270 243 332 294 rto
519 301 520 305 Ἰ
548 225 717 294 LIBER
744 214 782 310 I,
805 228 913 297 TIT.
936 229 1033 300 ΙΙΙ.Ι

220 380 223 387 ,
267 344 443 400 naturam.
456 333 561 414 Nem,
571 334 617 398 uti
632 333 793 412 diximus,
805 346 922 402 notura
935 332 1285 416 omueshomirresiibe·

266 446 320 490 ros
341 424 547 512 procreavit3
562 423 651 510 quod
665 423 907 494 observandum
926 438 1039 492 contre
1060 424 1283 500 Aristotelem,

265 513 324 600 qui
346 513 471 599 eiiquos
495 513 643 579 homines
665 527 781 580 nature
805 537 913 582 servos
933 537 997 582 esse
1022 513 1154 596 statuit,
1173 533 1284 600 nempe

266 602 434 688 stupidos,
454 601 594 680 inertes,
617 613 650 668 et
672 603 771 684 alios,
794 605 851 690 qui
868 625 900 670 se
914 604 1097 692 gubernare
1117 612 1285 691 nequeant.

267 691 331 756 Sed
351 689 633 778 trifariamque
649 703 767 758 natrice
789 714 903 759 omnes
921 693 1069 760 homiues
1090 704 1166 758 sunt
1188 690 1283 758 liberi.

266 779 338 846 Neo
359 781 501 870 sequitur
511 802 644 864 „eum,
655 782 723 870 qui
743 781 902 872 stupidior
919 793 973 852 'me
991 794 1039 852 cst
1052 833 1064 866 ,
1079 778 1162 850 mihi
1174 779 1285 848 servire

266 869 382 936 teneri.
497 923 499 928 .
571 925 573 928 .
596 927 598 930 .

668 989 902 1100 ccxxx

311 1150 481 1218 Hactenus
499 1153 687 1238 servitutem
712 1153 955 1244 libertatemque
977 1155 1193 1223 definivimus.
1216 1155 1286 1222 er

187 1263 190 1268 ·
267 1241 428 1330 quaeritur
435 1263 514 1324 ,cur
524 1243 659 1309 servitus
668 1243 796 1309 dicetur
807 1258 921 1311 contre
930 1255 1084 1312 notorem
1094 1247 1181 1312 esse?
1195 1244 1286 1346 Resp.

266 1329 348 1410 Nou
368 1330 401 1394 id
417 1331 663 1418 intelligendum
687 1355 751 1398 esse
771 1330 810 1398 de
824 1334 1043 1420 jure'neturae
1054 1385 1064 1416 ,
1081 1336 1172 1422 quasi
1194 1355 1286 1400 servr-

266 1431 320 1486 ms
336 1421 404 1505 juri
417 1433 544 1486 neturae
563 1434 723 1509 rectoeque
742 1419 860 1488 rationi
877 1435 1047 1513 repugnet.
1070 1425 1109 1490 Id
1128 1423 1216 1490 crrim
1231 1419 1288 1486 sel-

266 1531 342 1576 sum
356 1533 420 1576 cese
437 1511 513 1577 inde
526 1521 616 1600 petet
625 1559 634 1591 ,
653 1522 699 1574 ιο.
714 1511 802 1599 quod
817 1534 885 1578 non
899 1523 1061 1603 repugnet
1073 1511 1214 1591 societati
1229 1511 1288 1578 hu-

226 1606 238 1635 '
266 1621 377 1664 monae
389 1650 399 1681 ,
423 1622 526 1686 eaque
554 1611 686 1666 etcum
710 1601 863 1667 servitute
889 1616 1063 1668 certarum·
1082 1620 1287 1692 personarum

266 1699 372 1778 potest
394 1689 566 1755 consistere
579 1713 589 1768 3
604 1687 655 1756 2⁰(
672 1689 760 1776 quod
780 1689 806 1754 si
827 1691 947 1756 rationi
963 1703 995 1758 et
1011 1690 1081 1778 juri
1097 1703 1221 1758 cature
1240 1711 1288 1756 re-

266 1791 453 1878 pugnaret,
483 1800 557 1845 eam
587 1778 723 1868 probare
751 1801 819 1844 uon
849 1792 954 1869 posset
984 1781 1157 1870 Scriptura
1182 1798 1287 1854 secra,

267 1889 391 1958 quippe
414 1891 488 1958 quae
504 1868 622 1934 rationi
649 1890 717 1932 non
741 1881 913 1959 repugnet.
936 1868 1000 1936 Ast
1015 1869 1055 1934 rS.
1077 1871 1113 1938 S.
1138 1867 1288 1957 adprobet

267 1958 474 2040 servitutem,
491 1981 516 2022 ι.
533 1957 610 2022 Cor.
626 1957 726 2040 VH,
745 1981 790 2024 20
804 2008 816 2040 ,
830 1983 921 2048 seqq.
934 1959 995 2025 Sed
1010 1958 1084 2026 ideo
1097 1959 1230 2026 servitus
1243 1955 1288 2020 di-

268 2045 355 2111 citur
380 2059 495 2112 contra
518 2056 669 2113 naturam
695 2049 878 2136 essesquie
900 2069 942 2113 ex
965 2049 1108 2136 personis
1130 2049 1214 2114 fiunt
1232 2067 1287 2112 res.

267 2135 388 2200 Servus
408 2136 500 2201 enim
515 2183 524 2214 ,
540 2146 578 2198 ut
601 2133 768 2217 diximus,
788 2159 806 2202 e
828 2137 924 2208 classe
944 2159 1158 2226 personarum
1176 2137 1288 2221 redigi-

267 2225 378 2289 turin
396 2225 529 2290 classem
544 2243 677 2304 rerum,
701 2237 734 2292 et
753 2247 821 2290 non
841 2227 947 2292 multo
964 2227 1106 2294 melioris
1127 2227 1166 2293 fit
1183 2225 1290 2292 condi·

142 2333 147 2340 ·
267 2312 387 2394 tionis,
403 2312 581 2400 quambos
592 2324 658 2377 'aut
671 2314 976 2402 oliudjumentum‚
993 2317 1015 2381 l.
1031 2339 1074 2398 2,
1092 2319 1115 2384 ἰ.
1134 2337 1196 2403 27,
1206 2319 1235 2404 5.
1248 2319 1294 2394 3‚·

258 2399 308 2492 ff.
327 2401 376 2466 od
393 2400 429 2486 i„
443 2401 567 2488 Aquit.
587 2413 619 2466 ct
643 2403 665 2468 l.
689 2406 759 2483 38,
778 2405 808 2490 ς.
831 2428 870 2487 ι,
893 2427 938 2490 2,
951 2403 999 2497 ff.
1019 2405 1062 2472 de
1084 2407 1184 2474 edict.
1195 2399 1289 2477 ,cont

270 2491 352 2560 Em.
369 2489 539 2560 Meum
554 2513 607 2574 n,
623 2491 692 2558 obs.
706 2517 735 2560 c.
748 2495 808 2559 35.

609 2653 908 2742 ¹§.cxxxr

204 2839 206 2856 *
315 2817 484 2884 Hactenus
499 2814 662 2897 vidimus,
681 2815 759 2903 quid
782 2817 822 2884 sit
844 2817 973 2882 libertas
993 2827 1026 2882 et
1045 2816 1205 2898 servitus,
1226 2816 1289 2900 jem

264 2929 372 2998 vporro
386 2909 543 2994 quaeritur
558 2931 566 2970 ε
583 2905 759 2990 Quomodo
774 2905 845 2992 quis
862 2927 972 2972 servus
986 2905 1043 2972 fiat
1054 2907 1076 2972 2.
1087 2908 1187 2996 Resp.
1204 2903 1290 2972 Servi

271 3009 329 3060 eut
351 3008 530 3062 nuscuntur
551 3007 608 3060 aut
628 2995 724 3060 fiunt.
742 2995 952 3077 Nascuntur
966 3017 1008 3076 ex
1023 2996 1148 3062 ancillis
1169 2995 1290 3061 uostris.

271 3077 307 3150 Si
324 3086 434 3174 itaque
454 3107 547 3152 serva
565 3085 618 3151 vel
637 3083 753 3150 ancillo
775 3105 819 3149 ex
839 3092 1047 3174 quocumque
1065 3087 1172 3176 periet
1191 3084 1290 3152 filium

273 3174 439 3255 filiamve,
454 3187 485 3240 et
502 3175 537 3241 hi
550 3185 625 3239 sunt
638 3171 764 3263 servilis·
778 3173 979 3240 conditionis.
1001 3173 1089 3261 Quia
1105 3173 1194 3240 euim
1212 3169 1291 3238 servi

270 3277 348 3330 sunt
360 3287 430 3342 res,
446 3265 493 3330 uti
510 3264 654 3330 diximus
665 3265 696 3348 S.
713 3283 774 3350 77,
789 3264 957 3350 sequitur,
972 3273 1010 3328 ut
1023 3273 1057 3328 et
1070 3275 1183 3352 partus
1197 3259 1291 3330 servi-

23 3369 24 3372 ’
103 3386 105 3390 ·
160 3399 192 3420 .-
271 3353 317 3416 les
337 3353 479 3437 ejusdem
500 3352 563 3416 siut
579 3352 782 3416 conditionis.
807 3349 896 3418 Nem
911 3351 1188 3440 quemadmodum
1200 3347 1292 3416 foetus

271 3457 381 3508 vaocae
395 3463 496 3529 ,eques
513 3452 561 3505 est
579 3441 613 3504 in
631 3439 797 3519 dominio,
812 3451 844 3506 et
859 3441 926 3530 ipse
944 3441 980 3506 in
998 3441 1144 3506 dominio
1166 3450 1232 3519 est,
1249 3439 1290 3502 ito

270 3541 306 3600 et
317 3529 414 3616 ssretus
431 3530 577 3607 ancillae,
593 3551 667 3617 quae
686 3530 783 3594 servit
794 3579 804 3610 ,
814 3541 845 3593 et
856 3531 922 3622 ipse
939 3530 1058 3597 servire
1072 3529 1201 3596 dicitur.
1218 3527 1290 3593 Hu-

269 3619 414 3706 jusmodi
429 3641 549 3708 ¹servus
568 3615 779 3682 nctus-nobis
800 3618 920 3685 dicitur
942 3617 984 3686 V
979 3643 1074 3694 orna·
1098 3621 1143 3688 Et
1164 3639 1202 3684 eo
1221 3618 1290 3703 jure

269 3711 340 3798 jem
362 3707 410 3772 mi
437 3719 513 3774 sunt
536 3707 657 3774 veteres
680 3717 828 3796 tempore
850 3707 1058 3790 Abrahemi,
1081 3720 1118 3774 ut
1140 3717 1226 3796 petet
1250 3721 1290 3768 ex

272 3797 358 3902 Gen·
383 3795 505 3882 XIV,
527 3795 900 3883 14‚ubiAb1-ahamus
919 3799 1057 3867 orruerit
1081 3813 1287 3868 vernassuos·
1331 3821 1332 3894 p
