2644 4504
226 223 307 356 'sn
515 251 1029 358 Laranrsrrr.xxss
1118 221 1121 228 ¹

242 380 432 468 magistratu
453 381 524 448 deri
547 405 614 448 non
637 407 726 473 posse
746 383 806 449 sub
827 381 1031 454 conditione,
1053 405 1081 448 e.
1104 403 1134 472 g.
1153 381 1248 448 Tutor

242 481 330 549 esto,
352 472 377 536 si
395 471 476 556 juris
495 472 610 538 doctor
630 473 811 540 creaberis:
829 483 876 540 2⁰.
899 496 959 540 nec
982 473 1016 537 id
1036 473 1104 537 lieri
1121 494 1203 558 posse
1220 471 1249 532 iu

151 607 196 638 x.
243 558 331 624 diem
347 559 398 624 vel
417 581 461 624 ex
479 560 552 642 die,
575 584 603 628 e.
623 583 656 648 g.
679 574 769 628 tutor
786 574 853 628 esto
874 585 932 652 pet
955 583 1101 642 antrum,
1120 560 1169 625 vel
1189 570 1250 646 post

243 647 424 728 biennium,
448 649 530 714 Pure
547 671 625 738 ergo
648 651 772 716 dandus
790 663 855 732 est,
875 663 968 718 tutor
978 665 1046 716 esto
1051 701 1063 730 ,
1085 652 1107 714 l.
1126 652 1160 726 6,
1179 651 1206 732 §·
1222 670 1249 726 ι,

233 733 282 826 ff·
299 737 331 802 lt.
351 749 374 799 t.
391 739 454 812 ¹Ast
468 748 600 804 testator
615 751 719 828 potest
736 752 877 806 tutorem
895 739 972 806 dare
985 741 1044 804 sub
1064 737 1250 813 conditione,

243 836 332 891 etex
346 825 398 890 die
413 826 464 909 vel
479 826 616 894 in'diem
631 829 678 916 (δ.
695 831 779 909 205,
795 829 869 917 4.),
885 829 908 894 l.
925 833 967 908 8,
983 830 1014 915 5.
1032 826 1122 918 ²³ff
1135 825 1252 892 datast.

244 923 308 984 tul·
330 914 361 1000 §-
382 917 426 994 3,
447 914 532 980 last.
552 917 614 1005 qui
629 927 705 982 test.
726 928 789 984 tut.
811 917 894 984 dore
905 941 1002 1006 poss.
1024 917 1121 1006 Resp.
1144 913 1181 980 Id
1202 935 1251 976 re·

243 1021 321 1070 rum
343 1025 406 1068 esse
427 1004 522 1085 ideo,
543 1007 618 1093 quia
640 1017 831 1074 testamento
848 1005 932 1072 fecte
954 1007 1070 1072 tutoris
1089 1003 1173 1071 datio
1196 1023 1252 1066 non

243 1102 289 1156 est
309 1103 403 1172 aetus
416 1092 598 1178 legitimus,
615 1093 670 1162 sed
689 1093 775 1162 factu
792 1119 812 1161 a
829 1106 978 1185 praetore.
999 1095 1088 1181 Ergo
1107 1099 1145 1159 et‘
1155 1091 1253 1178 regula

244 1180 353 1336 w(
363 1177 412 1272 ff.
430 1183 472 1248 de
493 1181 538 1248 lt.
561 1182 597 1248 J.
621 1185 657 1250 iu
679 1185 918 1254 testamentaria
941 1184 1041 1250 tutela
1066 1184 1177 1250 locum
1196 1201 1255 1244 nou

270 1293 287 1334 e
311 1293 354 1338 e.

618 1379 898 1476 eooxnvt

274 1543 500 1610 ¹Absolsimus
514 1543 599 1608 hanc
613 1543 851 1609 mactationem.
869 1543 908 1608 Id
925 1565 1030 1608 unum
1045 1553 1160 1624 restat,
1173 1553 1207 1604 ut
1221 1559 1256 1605 ex

243 1633 389 1699 instituto
404 1646 513 1697 nostro
529 1631 653 1718 aliquid
669 1633 858 1719 adjiciamus
872 1632 912 1698 dc
929 1654 987 1696 usu
1002 1633 1100 1716 hujus
1114 1631 1255 1697 doctrina

243 1721 413 1788 hodierno.
424 1722 481 1786 lsa
492 1721 588 1809 praxi
598 1721 747 1787 Romana
759 1721 915 1791 hactenus
927 1722 1089 1810 explicata
1101 1723 1136 1786 in
1145 1719 1256 1786 duobus

242 1811 445 1902 potissimum
459 1809 628 1900 discrepat.
645 1810 701 1900 (Ι.)
723 1810 822 1896 Quod
839 1833 907 1875 non
924 1811 1008 1876 certi
1026 1809 1124 1876 hodie
1148 1808 1255 1896 mugis-

242 1912 346 1966 tratus
367 1900 447 1966 dent
469 1910 590 1964 tutores
602 1949 612 1980 ‚
635 1899 690 1964 sed
717 1921 847 1981 omnes,
871 1899 987 1988 quibus
1009 1909 1055 1964 est
1078 1897 1255 1985 jurisdictio.
1312 1902 1314 1919 ¹

243 1991 331 2077 Quia
351 2000 462 2053 autem
476 1987 657 2075 jurisdictio
675 1987 831 2054 dividitur
849 1989 883 2054 iu
905 1989 1037 2054 civilem
1060 1999 1095 2052 et
1113 1985 1256 2054 crimim-
1314 1999 1315 2026 l

241 2080 330 2156 hm,
346 2088 379 2142 et
391 2099 474 2166 soepe
491 2078 668 2164 contingit,
683 2089 721 2142 ut
734 2099 800 2142 una
813 2077 991 2165 eodemque
1008 2079 1080 2142 loco
1097 2078 1177 2142 alius
1189 2073 1256 2140 ciri-
1314 2143 1315 2148 γ

241 2169 331 2246 lem,
347 2167 429 2234 alius
444 2167 648 2233 criminalem
666 2167 784 2232 habeat
798 2165 1074 2251 jurisdictionem,
1093 2166 1255 2252 quaeritur,
1314 2181 1315 2184 ’

241 2257 315 2346 quis
328 2269 408 2320 tunc
418 2255 522 2346 judex
534 2254 588 2321 det
599 2257 741 2321 tutores?
756 2255 820 2322 Res
845 2300 854 2318 .
869 2255 938 2344 Qui
951 2255 1038 2320 civiti
1048 2253 1257 2344 jurisdictione
1313 2255 1316 2278 ¹

241 2345 362 2436 pollet,
379 2347 454 2432 quia
471 2345 586 2409 tutoris
601 2344 688 2410 datio
704 2343 787 2409 nibil
839 2345 882 2409 cit
900 2344 941 2410 ad
956 2343 1186 2410 coercitionem
1204 2340 1259 2404 cri-

242 2434 386 2499 minum.
402 2433 471 2520 (ll.)
488 2433 588 2520 Quod
603 2436 707 2522 major
722 2434 764 2498 sit
778 2442 962 2498 nostrorum
979 2455 1080 2521 quam
1102 2434 1259 2500 Romana-

242 2545 321 2589 rum
336 2521 586 2610 magistratuum
601 2534 748 2611 potestas.
762 2520 906 2588 Romani
931 2541 999 2586 non
1020 2533 1172 2612 poterant
1192 2522 1259 2586 dare

243 2625 407 2692 tutorem,
423 2610 483 2676 nisi
495 2611 531 2675 in
552 2610 744 2694 subsidium,
759 2611 785 2676 si
805 2633 864 2696 nec
880 2611 1139 2677 testamentarius
1152 2611 1259 2678 adesset

243 2713 355 2780 tutor,
371 2705 435 2766 'nec
455 2699 642 2788 legitimus;
664 2699 722 2766 hos
738 2702 828 2766 enim
842 2699 988 2764 ¹atutela
1008 2701 1184 2767 excludere
1201 2716 1260 2764 non

242 2802 406 2883 poterent.
423 2791 473 2854 At
491 2792 592 2854 nostri
604 2789 810 2876 magistratus
823 2789 986 2878 praecipue
999 2787 1203 2856 considerant
1214 2797 1260 2850 tu·

242 2893 355 2948 torum
370 2879 590 2959 habilitatem,
604 2891 637 2944 et
649 2880 675 2943 si
689 2877 973 2960 animadvertunt,
988 2899 1041 2946 eos
1060 2899 1126 2944 esse
1139 2875 1260 2944 inhabi-

243 2971 308 3052 les,
330 2970 402 3034 illos
419 2969 528 3034 statim
551 2968 766 3033 excludente
785 2967 908 3047 tutela,
927 2967 993 3032 sire
1009 2967 1074 3032 sint
1094 2979 1260 3032 testamen·

243 3059 337 3142 terii,
353 3057 418 3125 sive
432 3057 594 3144 legitimi,
610 3069 643 3122 et
658 3057 737 3122 elios
756 3056 836 3124 dunt
853 3055 1035 3120 habiliores.
1051 3053 1132 3122 Tria
1147 3049 1260 3124 adduxi
1307 3085 1308 3092 κ

243 3147 437 3216 testimonia.
458 3147 549 3212 Nem
570 3148 610 3212 de
632 3145 741 3212 Frisiae
759 3147 854 3234 praxi
873 3145 1032 3210 testantur
1051 3147 1179 3210 statuta
1197 3143 1260 3208 Fn'·

244 3243 298 3306 siae
311 3288 320 3318 ,
335 3239 375 3302 de
393 3237 490 3324 praxi
509 3236 638 3324 Belgica
655 3235 821 3324 Zypteus,
839 3234 1091 3299 Iurisconsultus
1108 3235 1260 3310 Batavus,

243 3341 278 3396 et
296 3328 336 3392 de
356 3325 453 3413 praxi
471 3325 670 3393 Germanice
684 3325 860 3398 Schilterus
877 3323 912 3388 in
927 3323 1006 3388 locis
1021 3323 1143 3411 inipso
1161 3319 1260 3388 libello

245 3416 413 3502 allegatis3
437 3427 473 3478 ut
495 3414 576 3480 adeo
598 3417 636 3480 de
659 3413 900 3492 universalitate
921 3411 1018 3501 hujus
1042 3433 1181 3504 psam
1200 3425 1261 3474 non

246 3506 394 3575 videatur
407 3500 646 3570 dubitandum..
756 3505 760 3510 ’
