2644 4504
204 299 267 371 DE
279 300 383 370 Rati.
398 301 497 373 DlV.
509 300 570 382 Er
582 299 730 389 ADQU.
742 298 850 370 EAR.
864 301 1032 371 DOMIN.
1069 300 1135 370 345

110 407 364 493 auferentibus
383 410 544 476 omnibus.
560 411 606 476 4⁰.
624 411 886 497 Adquiritiones
895 435 961 498 per
975 411 1138 474 nltimam

113 499 338 566 voluntatem.
362 499 509 567 Traditio
532 498 601 570 fieri
625 499 720 564 debet
739 523 757 563 a
779 499 932 580 domino,
956 501 1008 565 rel
1031 489 1139 562 saltim

115 587 187 674 ejus
200 587 355 654 mandato
369 585 408 652 ab
425 587 504 669 alio,
517 587 539 652 l.
549 611 589 674 9,
602 589 633 672 ἕ.
649 585 690 664 4,,
696 587 743 677 ff
757 588 797 652 cte
811 591 948 676 adquir.
963 609 1028 652 rer.
1045 589 1139 652 dom.

117 677 270 742 Mortuus
297 687 407 742 autem
437 677 563 742 tradere
589 700 655 742 non
677 689 790 764 potest.
817 679 859 742 Et
883 677 960 744 hino
987 679 1076 742 heres
1103 675 1143 739 {it

116 763 213 830 heres
231 765 299 830 siue
322 766 492 830 traditione
512 789 571 854 per
593 766 780 830 aditionem.
799 765 1142 855 Legatariusspeciem

115 853 178 917 sibi
193 855 331 940 legatam
345 856 486 942 adquirit
499 857 565 919 sine
582 854 752 919 traditione
766 855 874 920 statim
891 879 909 920 a
924 867 1030 920 morte
1044 866 1144 918 testa-

118 943 221 1024 toris,
238 945 261 1007 l.
283 945 342 1044 ult.
349 943 398 1034 ff
418 945 458 1008 de
478 967 564 1010 serv.
581 943 646 1032 leg.
668 943 691 1008 l.
715 945 819 1030 19‚§.
842 966 853 1008 t
863 992 874 1022 ,
878 941 926 1032 ff
945 943 1144 1032 quemadm.

119 1055 210 1098 serv.
227 1042 340 1101 amitt.
854 1050 857 1056 ·

162 1174 235 1231 Jure
254 1185 357 1232 nostro
376 1173 414 1230 a'd
435 1171 673 1230 transferendum
687 1173 851 1230 dominium
868 1173 988 1230 traditio
1006 1192 1067 1230 non
1082 1194 1148 1232 arn-

119 1255 201 1328 plius
213 1255 338 1331 exigitur
346 1295 355 1324 ,
363 1266 392 1311 et
405 1256 508 1311 titulus
521 1257 568 1311 vel
582 1255 682 1311 nudus
695 1255 828 1312 sufficere
840 1255 977 1324 videtur,
988 1277 1023 1312 ex
1034 1269 1151 1314 senten·
1196 1304 1198 1307 ,

123 1337 166 1392 tit
179 1347 235 1395 art.
256 1355 308 1409 7¹¹
324 1377 333 1405 ,
347 1336 519 1393 ubidicitur
537 1335 702 1393 dominium
714 1336 828 1412 acquiri
843 1338 907 1393 solo
919 1338 1027 1394 effectu
1039 1339 1153 1416 obliga·

121 1417 262 1485 tionum,
273 1417 375 1487 idest,
386 1417 467 1476 nuda
485 1417 698 1486 conventione,
718 1419 778 1492 qud
795 1437 895 1474 omnes
912 1419 972 1476 ferd
988 1420 1153 1476 subsistunt

123 1512 306 1560 contractus.
329 1499 393 1560 Hoc
413 1499 500 1556 etiam
522 1498 689 1555 confirmari
711 1511 808 1572 potest
829 1499 956 1558 articulo
982 1497 1080 1568 1b83,
1099 1501 1155 1558 ubi

122 1581 276 1656 legislator
290 1581 348 1650 ait,
362 1575 397 1638 eir
409 1578 577 1638 venditione
597 1579 761 1640 dominium
780 1581 908 1656 emptori
927 1601 988 1638 esse
1005 1582 1069 1658 ip'so
1087 1583 1157 1655 jure
1212 1581 1215 1590 ’

124 1662 326 1738 acquisitum,
344 1661 456 1720 etiamsi
476 1681 529 1718 nee
554 1661 673 1718 traditio
694 1675 793 1722 secura
813 1663 924 1732 fuerit,
947 1664 1158 1740 uec,pretium

123 1745 270 1801 solutum.
284 1743 380 1820 (Adde
390 1757 444 1800 art.
459 1742 531 1802 1606
538 1740 568 1800 in
574 1745 642 1812 fine
653 1743 776 1820 er938.)
788 1744 846 1802 Sed
858 1744 1048 1802 nihilominus
1061 1746 1160 1802 faten-

124 1825 202 1882 dum
216 1836 279 1892 est,
294 1827 394 1899 plures
407 1843 557 1906 superesse
567 1836 756 1894 contractus,
778 1825 829 1901 qui
845 1845 880 1881 ex
898 1826 1028 1898 ejusdem
1041 1827 1158 1886 Codicis

124 1905 348 1980 dispositione,
376 1907 437 1962 uon
454 1946 463 1974 ,
483 1905 538 1962 uisi
562 1905 639 1961 facta
666 1906 845 1974 traditione,
868 1909 1002 1964 contrahi
1021 1921 1158 1982 possunt.

124 1987 204 2044 Vide
216 2000 271 2042 art.
286 1985 371 2066 1875,
391 1985 573 2064 1892‚'19'15‚
587 2005 663 2064 1919,
677 2005 762 2066 2071,
778 1987 866 2067 2076,
880 2003 910 2046 et
920 1989 1084 2066 imprimis,
1099 2003 1155 2046 art.

127 2067 316 2147 arlaeardpo.
619 2083 622 2090 ’
682 2077 684 2086 '

521 2187 553 2273 s.
577 2186 769 2300 cocao.

182 2347 368 2436 Quaeritur,
385 2348 458 2436 (ΙΙ.)
473 2351 674 2442 quotuplices
687 2351 751 2417 sint
764 2352 854 2418 modi
869 2353 1083 2441 adquirendi?
1098 2355 1160 2421 Di·

133 2439 296 2504 viduntur
310 2440 350 2505 ab
362 2441 497 2526 origine.
511 2440 598 2504 Nam
611 2441 664 2506 alii
676 2463 718 2506 ex
735 2443 742 2506 i
745 2466 802 2530 pso
814 2443 887 2529 jure
898 2457 1025 2510 naturae
1038 2458 1069 2510 et
1082 2469 1164 2532 gen·

133 2529 223 2594 tium
238 2541 456 2616 promanant,
473 2541 505 2595 et
526 2529 676 2594 omnibus
696 2531 831 2596 omnino
847 2533 994 2619 gentibus
1010 2559 1165 2600 commu-

133 2641 197 2685 nes
210 2619 296 2682 sunt.
312 2619 383 2682 Alii
398 2640 440 2683 ex
461 2619 529 2683 solo
545 2621 618 2702 jure
634 2621 721 2684 civili
739 2621 966 2688 Romanorum
986 2622 1117 2704 fluunt,
1133 2635 1166 2688 et

136 2707 218 2773 hinc
234 2707 323 2860 apud
345 2707 422 2774 alias
445 2719 554 2794 gentes
569 2708 619 2772 vel
641 2707 745 2794 ignoti
761 2723 856 2791 sunt,
873 2713 926 2778 vel
947 2711 1041 2778 aliter
1056 2737 1088 2777 se
1103 2713 1167 2776 ha-

135 2797 227 2860 bent.
263 2796 300 2860 'ic
322 2819 351 2862 e.
373 2819 405 2882 g.
428 2793 584 2880 omnibusx
601 2799 748 2882 gentibus
770 2801 953 2880 communis
976 2801 1169 2887 adquirendi

137 2885 257 2951 modus
272 2896 319 2950 est
331 2885 473 2950 traditio.
490 2883 583 2969 Quid
594 2887 686 2953 enim
701 2899 773 2952 tam
783 2892 985 2956 conveniens
1000 2902 1050 2954 est
1064 2901 1168 2954 natu-
1239 2881 1240 2892 ἵ

138 2973 212 3040 ruli
226 2974 402 3064 aequitati,
418 2997 523 3062 quam
539 2974 748 3040 voluntatem
763 2977 919 3056 domini,
935 2979 1078 3043 velentio
1094 3003 1167 3044 rom

135 3083 244 3127 suum
260 3065 297 3128 in
312 3063 423 3128 alium
439 3061 644 3151 transferre,
658 3077 774 3132 ratum
786 3065 933 3134 babere?
944 3062 1050 3153 iuquit
1065 3068 1170 3134 iuris-

139 3153 307 3232 consultus'
327 3152 349 3216 l.
366 3175 391 3240 9
400 3201 411 3231 ,
437 3153 468 3238 ς.
489 3153 513 3216 3
521 3202 532 3231 ,
542 3149 589 3240 ffi
612 3153 661 3224 de
677 3155 812 3242 adquin
831 3179 896 3222 rer.
916 3157 1005 3220 dom.
1023 3156 1171 3240 Contra,

139 3241 375 3330 usucapionem
397 3264 466 3306 nou
487 3264 598 3309 omnes
621 3254 730 3328 gentes
749 3244 876 3322 sciunt,
901 3245 953 3308 vel
968 3245 1075 3310 saltim
1099 3269 1173 3320 eam

138 3353 210 3396 non
225 3327 339 3395 eodeni
353 3330 452 3396 modo
466 3341 596 3396 servant
610 3354 648 3396 ao
663 3331 818 3398 Romani.
832 3334 872 3399 E.
888 3355 920 3421 g.
934 3333 1088 3400 Romano
1102 3339 1175 3421 jure

140 3419 352 3512 usucapimus
371 3417 443 3487 rem
462 3419 666 3484 immobilem
686 3421 912 3504 decernamus
928 3422 1013 3500 inter
1033 3449 1177 3515 praesen-

138 3521 208 3590 tes,
235 3508 348 3594 viginti
373 3511 456 3573 inter
484 3509 662 3575 absentes:
690 3510 846 3576 mobilem
872 3513 1024 3580 triennio.
1053 3516 1176 3584 Contra

141 3597 323 3677 Germani,
342 3610 374 3662 et
396 3593 577 3662 hodienum
600 3599 767 3680 Saxones,
787 3601 893 3689 Angli
914 3603 1049 3691 aliaeque
1071 3617 1181 3692 gentes

141 3709 214 3752 rem
229 3686 493 3762 m'obilemanno
503 3735 512 3768 ,
528 3687 735 3754 immobilem
758 3689 892 3776 triginta
911 3697 1022 3774 annis,
1045 3716 1132 3760 anno
1148 3707 1182 3760 et

142 3775 215 3856 die,
230 3776 252 3840 i.
271 3798 299 3840 e.
322 3773 360 3841 δι
387 3773 499 3854 annis,
522 3775 542 3840 6
561 3775 819 3844 heddomadibus
841 3791 872 3845 et
894 3782 913 3847 5
932 3782 1043 3847 diebus
1063 3805 1183 3850 usuca-

142 3863 250 3954 piunt.
271 3864 385 3952 ltaque
404 3865 535 3930 traditio
553 3877 599 3930 est
618 3889 660 3932 ex
685 3869 758 3955 jure
780 3870 951 3955 gentium:
967 3873 1122 3961 usucapio
1138 3896 1183 3940 ex

179 3955 184 3962 ’
956 3959 1032 4024 Yt'
