2730 4504
281 297 346 380 tot
418 355 423 362 .
538 297 1038 414 transsaturum.
1118 289 1120 294 '

276 433 422 522 gendum
434 429 637 518 estspa'tium
655 433 739 498 Vlll
753 433 873 520 pedum
893 433 926 496 in
946 439 1150 520 porrectum,
1166 423 1249 498 XVI
1261 428 1296 496 in

275 522 487 599 anfractum,
502 530 534 583 et
549 532 637 584 tanta
653 522 807 601 altitudo,
828 531 865 584 ut
880 521 969 587 hasta
988 529 1095 586 erecta
1114 515 1209 602 ferri,
1225 522 1245 584 i.
1265 545 1294 584 e.
1355 585 1356 590 ,

277 614 462 702 plaustrum
478 621 634 696 onustum
652 611 719 674 sine
736 601 972 700 impedimento
994 610 1071 674 duci
1087 610 1200 698 possit3
1218 611 1297 674 unde

274 705 304 766 si
322 700 451 764 arbores
471 697 515 761 ibi
530 709 627 779 sunt,
644 713 786 784 querum
807 700 891 764 rami
917 703 1057 764 vecturae
1074 698 1297 788 impedimento

276 783 361 872 sitit,
376 779 572 852 dominantis
586 787 700 876 praedii
719 809 875 875 possessor
898 809 950 852 eos
970 809 1119 852 coercere
1137 799 1168 854 et
1186 810 1298 875 ampu-
1355 851 1356 860 ,

277 889 347 944 esre
367 887 468 966 potest
491 876 533 940 ad
552 876 673 962 justam
693 877 922 956 altitudinem,
941 877 965 940 l.
984 896 1031 961 7,
1053 877 1084 960 §.
1110 879 1151 955 8,
1168 875 1209 965 ffi
1229 876 1297 943 eod.
1354 919 1356 944 v

273 961 355 1054 dioc
365 965 507 1056 spatium
515 965 661 1031 eretviae.
676 963 926 1030 Actuslatitudo
934 976 1002 1029 erat
1013 976 1154 1052 quatuor
1166 965 1298 1054 pedum;
1354 961 1356 1034 l

275 1056 373 1145 idque
387 1055 539 1120 discimus
559 1077 601 1120 ex
624 1052 666 1120 V
663 1079 733 1119 arr.
749 1055 789 1120 de
803 1055 911 1142 Ling.
928 1054 1009 1120 Lat.
1028 1054 1050 1118 ί.
1067 1051 1113 1132 4,
1127 1051 1165 1138 4.
1179 1037 1298 1120 itineris
1355 1041 1356 1086 1

277 1157 399 1234 quanta
415 1144 597 1232 amplitudo
618 1141 736 1223 fuerit,
759 1143 854 1208 hodie
872 1165 939 1207 non
956 1153 1101 1221 constat,
1125 1142 1298 1208 verosvnile

276 1247 388 1302 tamen
402 1245 466 1313 est,
482 1233 562 1297 illud
581 1233 722 1320 duorum
744 1233 795 1298 vel
814 1234 915 1296 trium
939 1232 1060 1322 pedum
1080 1230 1184 1298 luisse.
1201 1233 1298 1298 Deni-

276 1345 340 1412 que
363 1322 409 1389 3⁰.
432 1333 463 1386 et
484 1333 598 1386 mutua
622 1320 776 1386 relatione
799 1319 950 1386 differunt
971 1321 1024 1385 hae
1043 1321 1218 1388 servitutes.
1235 1321 1298 1406 Qui

272 1414 362 1480 viam
378 1412 492 1489 habet,
507 1411 532 1474 is
547 1422 579 1476 et
592 1421 704 1474 aetum
718 1409 816 1474 habet
830 1421 862 1475 et
878 1410 939 1476 iter
955 1434 962 1470 =
980 1409 1035 1496 qui
1051 1422 1163 1474 aetum
1183 1409 1298 1489 habet,

204 1502 207 1508 ’
274 1502 301 1568 is
315 1514 347 1567 et
360 1502 421 1564 iter
435 1501 530 1565 habet
541 1550 549 1580 ‚
562 1498 615 1564 sed
631 1519 699 1564 non
714 1500 800 1565 viam
814 1525 822 1562 :
836 1499 891 1586 qui
908 1499 968 1563 iter
983 1497 1101 1580 habet,
1116 1522 1175 1563 uec
1189 1509 1296 1562 aetum

276 1612 337 1658 nec
354 1591 441 1658 viam
456 1588 561 1654 habet.
578 1588 676 1652 Ratio
690 1599 737 1652 est
755 1589 790 1652 iu
809 1587 831 1653 l.
848 1585 957 1676 ²¹³ff·
973 1587 1014 1651 de
1029 1589 1075 1654 R.
1091 1588 1126 1653 J.
1140 1588 1228 1654 Non
1242 1588 1299 1652 de·

278 1675 333 1747 bet
339 1730 350 1760 ,
366 1679 513 1768 ouiplus
528 1677 625 1757 lieet,
639 1675 731 1768 quod
745 1677 861 1742 minus
877 1687 948 1756 est,
966 1699 1034 1742 non
1049 1677 1176 1742 licere..

317 1836 363 1891 De
381 1837 399 1889 J
402 1841 454 1890 u're
472 1833 604 1901 itineris,
623 1832 725 1890 confer
742 1831 813 1890 Cod.
831 1835 910 1908 Nap.
926 1836 981 1892 orl.
998 1831 1055 1892 682
1080 1847 1111 1889 et
1127 1827 1208 1912 seqq.
1228 1833 1300 1891 Vult

277 1916 367 1975 etiam
379 1918 552 1984 Curicum,
573 1916 640 1972 obs.
652 1916 701 1972 lib.
714 1933 747 1974 aa
754 1956 765 1984 ,
781 1913 910 1992 cap.'35.

509 2041 541 2126 v.
565 2037 758 2105 ccccxi
779 2051 812 2104 et
833 2015 1060 2106 ccccxvi.
1134 2019 1135 2023 ‘

322 2203 471 2292 Reliquae
485 2199 652 2267 servitutes
666 2200 862 2268 rusticorum
876 2201 1074 2292 praediorum
1092 2223 1136 2268 ex
1158 2202 1232 2292 ipsis
1245 2223 1302 2270 vo-
1354 2283 1355 2288 γ

275 2295 399 2362 eabulis
420 2291 657 2378 intelliguntur.
674 2292 726 2356 Sio
746 2290 793 2356 40.
809 2293 944 2358 servitus
955 2315 1056 2393 aquae
1071 2292 1216 2358 haustus
1235 2307 1300 2372 est,
1354 2303 1355 2346 ἓ

278 2383 411 2474 quande
426 2381 518 2446 nobis
529 2382 582 2467 jus
603 2380 777 2469 competit,
797 2403 917 2468 aquam
937 2401 979 2445 ex
1006 2381 1114 2446 vicino
1139 2379 1228 2447 loute
1252 2385 1302 2449 vel

277 2485 379 2563 puteo
392 2469 633 2536 hauriendi.·5⁰.
643 2469 786 2536 Servitus
797 2492 897 2558 aquae
911 2469 1051 2547 duetus,
1067 2470 1198 2558 quaudo
1212 2473 1305 2536 nobis

274 2569 329 2653 jus
342 2571 388 2626 est
404 2571 523 2646 aquam
537 2579 579 2623 ex
602 2557 731 2623 alterius
741 2555 847 2624 fundo
868 2558 918 2624 vel
936 2577 995 2648 per
1013 2559 1142 2624 alterius
1163 2555 1305 2625 fundum

206 2661 208 2669 “
279 2649 430 2717 ducendi.
447 2648 495 2712 60.
509 2648 652 2713 Servitus
663 2647 711 2712 ad
723 2669 851 2736 aquam
864 2647 1032 2730 adpulsus
1038 2696 1049 2726 ,
1066 2647 1196 2734 quando
1211 2650 1304 2715 uobis

277 2742 330 2830 jus
341 2751 387 2804 est
400 2751 515 2828 pecora
529 2747 636 2802 nostra
647 2736 829 2821 adpelleudi
839 2735 881 2800 ad
892 2735 1022 2801 alterius
1033 2753 1164 2822 aquam.
1175 2747 1222 2824 7⁰.
1233 2741 1306 2804 Ser·

252 2895 254 2902 ,
279 2827 548 2914 vituspascendi
559 2875 570 2905 ,
592 2827 723 2912 quando
743 2826 795 2912 jus
817 2824 909 2890 nobis
928 2833 973 2889 e'st
995 2845 1113 2914 peoora
1136 2835 1247 2904 nostra
1273 2829 1305 2892 in

279 2919 412 2985 alterius
430 2937 509 3002 agro
526 2916 577 2979 vel
599 2926 693 3002 prato
711 2914 873 3003 pascendi.
897 2915 986 3000 Ergo
1009 2926 1143 2979 nonest
1160 2917 1213 3000 jus
1232 2941 1305 3005 pas·

282 3008 395 3087 cendi,
415 3005 543 3092 sedjus
564 3006 760 3092 compescui
781 3001 1092 3093 (Kappelweide),
1116 3004 1142 3068 si
1160 3005 1229 3069 duo
1257 3005 1306 3072 vel

279 3101 390 3189 plures
414 3096 457 3159 ita
481 3092 704 3173 conveniunt,
727 3103 766 3156 ut
791 3094 910 3158 omues
927 3092 1024 3156 simul
1044 3115 1161 3180 pecora
1185 3093 1222 3158 in
1246 3096 1307 3160 suis

278 3183 509 3252 communibus
530 3181 653 3270 campis
672 3203 801 3270 pascere
817 3181 948 3268 possint.
972 3181 1030 3244 Jus
1046 3180 1195 3269 pascendi
1217 3186 1306 3248 enim

279 3289 328 3343 est
341 3275 495 3352 servitus,
516 3283 548 3337 et
566 3271 643 3336 hino
663 3270 895 3338 irrevocabile:
913 3271 964 3352 jus
986 3271 1173 3358 compescui
1192 3285 1306 3338 contra

281 3355 469 3456 precarium
480 3373 511 3426 et
524 3357 713 3436 revocabile.
725 3356 771 3425 80.
782 3359 810 3424 J
809 3383 848 3424 aa
858 3357 961 3424 calcis
973 3359 1166 3447 coquendae,
1176 3364 1307 3447 quando

280 3477 326 3520 ex
340 3451 439 3521 vicini
458 3471 539 3536 agro
553 3449 674 3537 lapides
687 3449 863 3535 coquendae
877 3449 958 3538 ealci
972 3459 1063 3536 aptos
1073 3448 1216 3514 eximere
1230 3475 1307 3540 pos·

281 3559 371 3609 eum.
387 3549 433 3627 9⁰.
444 3539 515 3604 dus·
524 3535 844 3630 avenaefhdiendffi
855 3536 882 3600 si
893 3537 974 3601 mihi
985 3559 1027 3601 ex
1041 3537 1110 3624 ejus
1122 3535 1225 3602 fundo
1236 3563 1307 3606 are-

285 3647 365 3698 nam
379 3629 487 3694 fodere
508 3627 594 3692 licet.
619 3636 687 3692 10⁰.
708 3627 775 3692 Jus
799 3636 899 3690 cretae
917 3626 1128 3706 eximendae,
1142 3627 1168 3692 si
1183 3641 1308 3694 cretam

281 3721 421 3789 effodere
439 3733 481 3784 ex
499 3717 604 3782 alieno
619 3715 727 3780 fundo·
738 3735 880 3804 possum.
899 3715 989 3799 Quin
1007 3715 1151 3780 infinitus
1163 3711 1231 3783 fere
1246 3741 1307 3782 esse

275 3819 389 3902 potest
407 3806 601 3872 'servitutum
622 3805 819 3872 rusticorum
837 3805 1035 3892 praediorum
1050 3827 1225 3885 numerus,
1249 3832 1307 3896 pro

280 3903 406 3972 diversa
428 3893 536 3962 indole
557 3894 604 3962 rei
618 3896 746 3966 rustioee
766 3905 799 3960 et
813 3915 874 3982 pro
893 3893 1075 3964 necessitate
1087 3889 1119 3959 ot
1133 3891 1327 3983 indigentia.

879 3968 1316 4124 affigam).
