2756 4504
338 179 573 296 baean

175 393 239 462 DE
253 394 358 463 RER.
373 397 472 466 mv.
486 399 547 466 ET
558 397 829 487 ΑΜΕ-ΕΑΒ.
844 401 1012 470 DOMIN.
1045 401 1110 492 569

83 501 160 568 illos
173 514 343 594 tamquam
356 511 412 596 qui
422 531 483 597 pro
497 507 630 576 domino
641 511 790 576 habetur.
802 511 966 600 Objicitur
980 513 1118 600 quidem'

85 592 119 677 S.
137 596 188 658 35
198 645 208 675 ,
222 597 312 661 Inst.
327 598 361 662 t.
383 610 406 662 t.
428 599 481 666 ubi
502 598 643 679 dicitur,
665 601 696 664 b.
720 599 742 666 f.
760 623 969 692 possessorem
985 601 1115 686 ¹{ructus

84 696 258 773 perceptos
266 685 668 777 suosfacereproQ
676 699 801 756 etcum
807 716 820 770 3
831 691 916 756 unde
932 691 1090 776 colligunt
1102 740 1113 772 ‚

85 791 158 835 non
180 775 346 865 percipere
370 777 465 841 illum
486 774 611 845 fructus
629 780 820 866 naturales,
836 781 891 844 sed
913 780 1118 845 indusuiales

87 867 245 945 tantum,
265 865 391 952 quiebi
406 866 465 930 soli
485 888 605 931 curam·
618 879 649 932 et
670 869 833 932 culturam
850 869 1026 955 requirant.
1051 867 1116 935 Sed

87 948 130 1014 de
145 953 273 1018 cultura
293 956 328 1019 id
342 956 473 1042 quidem
489 956 714 1038 concedimus,
729 967 763 1022 at
782 979 897 1022 curam
912 959 1010 1023 etiam
1025 955 1118 1024 fruc·

90 1049 143 1104 tus
158 1045 321 1110 naturales
342 1045 531 1110 desiderant.
552 1045 591 1109 E.
608 1067 640 1132 g.
660 1044 786 1110 foenum
804 1058 920 1112 natura
943 1046 1117 1136 provenit,
1157 1049 1167 1064 “

90 1140 124 1193 et
146 1141 259 1198 tamen
279 1135 339 1198 nisi
360 1155 476 1198 curam
490 1135 559 1220 ejus
575 1147 649 1220 agat
664 1133 913 1224 paterfamilias,
928 1134 1022 1201 facile
1037 1133 1124 1200 foeni*

86 1217 255 1305 jacturam
268 1221 374 1288 faciet.
388 1225 433 1290 Et
448 1223 526 1288 binc
546 1224 655 1287 oleum
669 1223 768 1287 etiam
785 1237 817 1289 et
836 1222 964 1288 foenum
975 1225 1123 1314 percipit

94 1311 126 1374 b.
148 1308 171 1374 f.
194 1335 372 1400 possessor,
397 1314 419 1376 l.
445 1315 482 1376 13
492 1361 505 1391 ‚
514 1311 562 1401 ff.
585 1311 710 1400 quibus
732 1313 823 1378 mod.
846 1313 975 1402 ususfr.
1001 1315 1118 1380 amitt.

92 1420 199 1486 quum
225 1413 335 1466 tamen
358 1402 468 1466 oleum
482 1401 549 1464 sine
575 1402 702 1466 cultura
718 1402 890 1490 provenire
913 1403 1019 1467 tradat
1034 1403 1120 1468 Ptin.
1212 1399 1215 1406 ’

93 1487 129 1554 b.
144 1513 179 1554 n.
193 1489 218 1555 ἱ.
236 1497 274 1556 15
284 1541 293 1572 ,
314 1515 342 1555 c.
361 1513 373 1554 r
382 1540 392 1570 ,
407 1491 492 1555 etde
505 1489 593 1554 soeno
610 1490 644 1554 id
655 1493 763 1578 ipsum
776 1491 890 1555 doceat
907 1493 1118 1581 experientia.
1163 1525 1167 1532 i

50 1589 67 1654 ζ
93 1577 145 1644 Ut
162 1579 258 1652 malso
277 1579 352 1645 fidei
373 1599 529 1671 possessor
548 1579 639 1648 nihtt
651 1580 816 1660 lucretur,
833 1579 976 1666 adeoque
994 1579 1121 1646 fructus
1153 1624 1189 1648 .-

38 1669 72 1698 '‘
90 1668 317 1758 percipiendos
329 1681 362 1734 et
375 1679 542 1758 perceptos
561 1668 707 1733 restituat
720 1669 959 1758 supervenienti
972 1670 1120 1736 domino.

91 1757 163 1821 Cur
172 1757 262 1822 enim
275 1759 432 1845 ejusmodi
440 1757 551 1848 praedo
561 1757 702 1844 aliquid,
724 1758 869 1824 lucretur
882 1779 925 1823 ex
942 1780 978 1827 re
992 1758 1119 1839 aliena,

92 1851 198 1932 quarn
216 1848 319 1913 inv'ito
328 1847 466 1912 domino
480 1847 636 1935 possedit,
656 1859 689 1910 et
706 1846 846 1914 alienam
864 1869 928 1912 esse
942 1847 1044 1936 probe
1056 1847 1121 1911 sci-

93 1937 143 2000 vit
154 1937 171 2000 7
184 1935 264 2002 Non
281 1959 356 2003 sane
376 1938 447 2020 jura
472 1937 626 2002 adsistunt
642 1935 728 1999 dolo.
748 1935 896 2022 Denique
910 1937 1032 2023 regulae
1045 1959 1122 2001 uos-

93 2033 155 2089 trae
168 2045 243 2092 non·
251 2027 318 2092 sine
332 2026 456 2091 ratione
479 2025 655 2108 adjecimus
670 2025 920 2107 limitationem,
943 2026 975 2090 b.
998 2025 1022 2090 f.
1046 2049 1122 2114 pos-

94 2135 247 2180 sessorem
263 2115 394 2204 quidem
409 2137 471 2204 pro
488 2114 621 2179 domiuo
635 2135 721 2195 esse,
739 2114 794 2179 sed
813 2114 970 2202 quamdiu
984 2137 1053 2180 non
1065 2122 1130 2180 su-'

95 2205 281 2291 pervenerit
296 2227 392 2270 verus
405 2203 567 2269 dominus.
582 2203 636 2268 Ex
650 2203 716 2290 quo
730 2225 816 2270 nova
829 2203 974 2292 sequitur
988 2205 1124 2270 conclu-

8 2349 9 2354 ,
94 2289 164 2375 sio,
186 2294 234 2360 4⁰.
253 2317 332 2359 eum
354 2291 478 2358 fructus
496 2303 656 2359 exstantes
674 2291 844 2358 restituere
861 2286 1002 2375 debere:
1017 2295 1040 2359 l.
1056 2303 1123 2376 22',

98 2377 138 2448 0.
155 2381 198 2448 de
212 2385 260 2451 R.
277 2383 330 2450 Τ.
349 2383 486 2449 Exstare
501 2394 610 2446 autem
624 2382 779 2446 dicuntur
792 2380 917 2446 fructus
926 2432 936 2463 ,
958 2383 1015 2470 qui
1034 2405 1122 2448 non-

96 2469 178 2534 dum
194 2472 339 2562 percepti
349 2483 381 2536 et
393 2473 530 2560 separati
542 2481 633 2551 sunt,
649 2471 748 2536 veluti
762 2491 847 2556 seges
860 2471 894 2535 in
909 2493 989 2557 agro
1000 2521 1009 2552 ,
1022 2495 1123 2562 poma

95 2563 131 2628 in
146 2561 332 2644 arboribus,
346 2563 532 2651 pensiones,
550 2581 693 2648 quarum
711 2559 776 2626 dies
794 2561 943 2628 nondum
958 2563 1048 2628 venit
1058 2611 1068 2645 ‚
1083 2571 1123 2628 ut
1175 2587 1184 2610 ·

96 2651 184 2738 exigi
197 2653 329 2742 possint.

137 2819 209 2874 Jure
221 2828 345 2884 nostro,
360 2815 446 2872 bona
463 2810 532 2868 fidei
547 2829 698 2886 possessor
711 2810 828 2868 fructus
844 2830 916 2868 suos
932 2811 1000 2867 facit
1015 2832 1024 2882 ;
1039 2813 1123 2870 malae

96 2898 165 2956 fidei
175 2939 183 2966 ‚
195 2917 265 2956 non.
288 2911 341 2962 arr.
353 2895 421 2973 549.
434 2896 522 2950 Boua
533 2893 710 2953 fideisutem
720 2910 870 2964 possessor
887 2902 930 2948 est
948 2893 1002 2966 qui
1021 2893 1121 2951 animo
1267 2951 1273 2970 ,

27 3041 30 3048 ,
54 2967 64 3048 ’,
95 2980 209 3038 domini
229 2980 376 3054 possidet,
392 2998 429 3036 ex
442 2975 529 3032 titulo
551 2975 590 3034 ad
609 2973 847 3030 transferendum
867 2971 1033 3030 dominium
1053 2975 1123 3032 ido·
1150 3003 1187 3054 '.'''
1256 2987 1309 3040 ,s

17 3050 20 3058 ¹
96 3081 172 3130 neo,
186 3062 256 3118 vitia
270 3060 356 3135 cujus
367 3061 495 3136 ignoret.
512 3071 567 3120 avr.
577 3055 640 3114 560.
662 3055 726 3112 Hoc
739 3067 870 3129 superest
882 3056 1124 3129 observandum,
1292 3060 1296 3068 '

94 3143 197 3222 qued,
218 3145 354 3220 quamvis
368 3141 446 3198 bona
458 3139 516 3197 fide
528 3138 695 3213 interrupti
715 3148 816 3194 currat
831 3137 1013 3210 praescriptio
1031 3156 1123 3215 super

96 3227 212 3296 tundo,
231 3239 287 3282 art.
303 3223 388 3300 2269,
400 3234 499 3278 tamen
517 3241 579 3278 uon
595 3220 689 3277 currit
699 3216 748 3290 jus
766 3219 882 3274 fructus
898 3232 1053 3294 perceptos
1073 3223 1122 3277 lu-

95 3309 219 3380 crandi5
241 3307 296 3384 qui
319 3305 435 3362 tructus
453 3303 497 3371 ,si
520 3301 567 3360 die
586 3302 759 3374 interrupte
780 3299 864 3358 bouae
888 3297 976 3368 fidei,
998 3299 1124 3361 domiuo

95 3391 302 3456 debebantur,
317 3400 372 3444 art.
385 3383 437 3444 560
447 3426 455 3454 ,
465 3403 520 3442 ceu
529 3383 591 3457 jam
604 3381 826 3441 observavimus
837 3381 867 3436 iu
879 3379 989 3440 nostris
1003 3383 1119 3442 Princi-

96 3475 151 3554 piis
164 3472 244 3531 Juris
262 3491 290 3529 n.
304 3487 361 3548 ιη]
372 3470 403 3524 in
416 3466 494 3524 nord.
509 3463 594 3526 adde
606 3477 666 3523 not.
676 3465 720 3520 ad
729 3472 752 3540 t.
763 3459 821 3534 442
831 3462 921 3538 intret
936 3511 939 3520 .

228 3617 980 3718 ς.οοοιΧ’ΧιΧ-οοοιΧΧΧιν.

138 3793 275 3884 ligimus
289 3790 444 3858 hactenus
463 3784 504 3852 de
522 3783 627 3853 modis
643 3781 837 3872 adquirendi
851 3781 1036 3850 dominium
1050 3782 1120 3848 ori·

93 3885 246 3980 ginanis,
260 3880 362 3950 vetuti
382 3874 595 3968 occupatione
606 3885 641 3939 et
653 3871 832 3938 accessione
847 3897 857 3936 s
871 3873 1017 3960 sequitur
1032 3869 1119 3936 deri·

90 3974 218 4048 vativus
229 4021 239 4054 ‚
262 3971 320 4060 qui
339 3977 476 4064 vocptur
497 3963 654 4046 traditis,
677 3963 707 4048 §-
729 3958 806 4034 3410
827 3959 1129 4049 Quemadmodum*

135 4063 229 4132 taus
253 4075 377 4128 eurus
831 4131 836 4140 ¹
891 4047 961 4117 Aa
1122 4087 1125 4096 ·
