2710 4504
248 333 330 479 ‘no
436 337 444 352 ⁹
559 346 725 458 araas
747 391 782 472 1,
809 389 916 472 rrr.
941 391 993 456 11.

253 523 323 590 ‚per
340 497 636 590 promulgationem
651 499 793 566 innotuit
807 501 883 566 :illa
899 503 994 566 tacite
1013 498 1164 576 inolevim
1179 491 1279 584 quod,

157 665 160 670 ¹
262 609 341 658 cum
349 587 426 654 facti
435 589 493 670 sit,
505 589 711 678 probandum
720 601 765 653 est
778 588 819 676 (a)
837 611 879 654 ex
891 589 1101 656 diuturnitate
1113 584 1277 675 temporis,

263 677 312 771 (β)
324 701 367 744 ex
385 686 525 762 actuum
536 677 750 764 tirriformium
767 675 959 766 frequentia.
977 687 1023 743 2⁰.
1044 671 1281 742 Consuetudinis

261 767 376 834 eadem
396 768 444 834 ris
456 779 501 844 est
515 789 553 832 ac
567 767 666 854 legis,
681 780 727 834 est
741 767 830 834 enim
843 767 1013 834 abeodem
1029 766 1210 854 legislatore
1225 813 1233 842 ‚
1253 773 1281 826 et

260 857 398 946 perinde
409 868 475 938 est,
494 856 560 922 sive
574 857 667 920 tacite
679 856 758 943 quid
772 856 867 937 velit,
883 855 948 923 sive
963 878 1122 946 expresse.
1136 855 1182 919 5⁰.
1198 851 1282 916 Con-

255 943 397 1012 suetudo
411 947 518 1032 legem
536 943 730 1010 anteriorem
752 945 886 1035 abrogat
900 971 908 1009 ι
922 946 998 1032 quia
1018 945 1106 1009 enim
1127 953 1174 1007 est
1190 940 1283 1030 instar

161 1029 163 1044 '
257 1027 360 1120 legis,
379 1045 413 1098 et
426 1035 482 1099 lex
503 1034 659 1122 posterior
677 1033 824 1122 antiquat
837 1031 1001 1122 priorem',
1016 1035 1094 1100 hinc
1109 1043 1142 1096 et
1156 1052 1283 1118 consue-

259 1123 340 1186 tudo
357 1124 461 1210 legem
481 1123 626 1206 priorem
644 1121 779 1210 abrogat
800 1123 849 1187 vel
872 1121 976 1188 eidem
996 1121 1142 1208 derogat.
1162 1121 1205 1184 L.
1225 1120 1290 1184 ult.-

248 1210 297 1301 ffi
315 1211 358 1276 de
378 1211 492 1276 Cenat.
509 1209 628 1276 Princ.
642 1209 922 1276 detonsuetodo
941 1210 1175 1277 restaurationi
1192 1230 1284 1296 repu-

257 1321 364 1386 gnans
374 1300 495 1364 nullius
512 1301 671 1366 momenti
685 1312 730 1365 est
741 1327 748 1364 :
759 1301 834 1386 quia
850 1322 1001 1390 princeps
1024 1300 1090 1370 hoc
1111 1321 1172 1363 nec
1195 1295 1284 1363 tacite

197 1440 199 1446 .
256 1391 330 1454 vult
344 1411 404 1454 nec
418 1411 575 1478 expresse.
593 1389 630 1453 E.
647 1411 679 1476 g.
695 1390 780 1454 inter
791 1389 921 1477 opifices
933 1391 967 1454 iu
981 1389 1164 1454 Germania
1175 1387 1285 1474 hujus-

164 1515 165 1519 =
256 1479 347 1542 modi
362 1476 610 1546 consuetudines
628 1477 833 1543 inoleverunt
845 1525 864 1558 ,2
876 1491 913 1541 ut
930 1479 1082 1557 tirones,
1099 1475 1222 1544 exactis
1245 1473 1285 1538 ti-

255 1567 372 1632 rorinii
398 1567 516 1648 annis,
546 1565 763 1655 baptizentur.
796 1567 960 1670 Principes
985 1563 1027 1632 id'
1042 1565 1130 1631 ferre
1161 1565 1284 1629 nolunt.

242 1656 380 1741 ,Quaest
403 1655 463 1720 An
493 1655 731 1739 consuetudinis
756 1655 854 1740 hujus
883 1657 1003 1744 aliqua*
1022 1655 1064 1720 sit
1088 1653 1285 1720 auctoritas?

140 1799 153 1808 .
254 1744 355 1834 Hesp.
371 1742 492 1826 Nulla,
511 1743 558 1834 (a)
574 1745 650 1832 quia
664 1756 760 1811 rectae
780 1743 898 1809 rationi
912 1755 944 1808 et
958 1745 1050 1812 bonis
1071 1743 1222 1810 moribus
1231 1742 1286 1808 ad-

252 1844 420 1916 versatur,
436 1833 484 1922 (b)
500 1835 574 1920 quia
583 1833 741 1924 'princeps
757 1835 859 1920 legem
874 1833 1031 1920 abrogare
1045 1845 1173 1922 potest,
1186 1833 1286 1897 mults

251 1921 356 2009 tnagis
367 1922 523 2010 abrogare
537 1924 655 2012 poterit
666 1923 933 1992 consuetudinem
941 1922 1140 2007 absurdam,
1152 1921 1286 2014 impiam

252 2022 285 2076 et
301 2013 420 2077 rationi
436 2011 615 2079 adversam.

630 2121 670 2204 s.
700 2109 900 2232 nx‘xrrl.

296 2262 467 2354 Quaeritur
480 2266 586 2332 adhuc
599 2315 608 2346 ,
623 2284 703 2331 cum
718 2265 807 2355 apud
819 2266 988 2334 Romanos
1005 2280 1054 2333 tot
1067 2267 1197 2338 fuerint
1210 2267 1290 2358 juria

247 2357 362 2444 scripti
377 2355 513 2444 species,
529 2355 629 2420 veluti
643 2354 745 2440 [eges
755 2405 765 2436 ,
774 2358 1077 2440 Senatusconsulta,
1092 2359 1289 2439 Plebiscita‚

249 2443 501 2510 constitutiones
515 2444 725 2532 principum,
746 2467 789 2509 an
810 2455 844 2510 et
871 2446 966 2510 hodie
992 2457 1039 2510 tot
1061 2445 1188 2536 species
1206 2447 1290 2516 obti-

248 2533 370 2600 neant?
385 2532 563 2620 Negamus.
579 2533 668 2600 Nam
686 2542 728 2598 1⁰.
743 2533 831 2598 Juris
844 2529 954 2623 scripti
972 2535 1092 2624 species
1111 2545 1289 2604 nataesunt

247 2643 293 2688 ex
317 2620 481 2706 frequenti
491 2616 683 2710 reipublicae
712 2621 903 2686 mutatione.
932 2633 980 2688 2⁰.
1009 2621 1117 2712 Apud
1141 2649 1204 2692 noa
1227 2649 1288 2706 neo

252 2711 343 2801 plebs
354 2709 417 2776 fert
432 2711 539 2797 leges,
553 2733 612 2775 nec
631 2711 768 2780 Senatus
782 2735 840 2800 per
854 2711 997 2796 modum
1006 2713 1291 2782 Senatusconsulti

248 2799 374 2887 aliquid
404 2799 541 2880 statuit,
568 2821 628 2864 nec
659 2795 968 2866 iurisconsultorum
1000 2797 1291 2890 interpretationes

242 2889 479 2959 ,auctoritatem
503 2889 640 2978 legalem
661 2888 791 2954 habent.
812 2889 902 2974 Quid
910 2899 1003 2977 ergo
1016 2891 1105 2979 apud
1127 2915 1192 2972 nos
1207 2893 1292 2978 lex?

248 2979 306 3048 Fst
322 2991 522 3067 praeceptum
539 2999 730 3058 commune,
745 2989 807 3042 etc.
829 2976 961 3044 Dicitur
983 2985 1025 3058 1⁰.
1046 2993 1290 3071 praeceptum„

245 3069 325 3154 ,quia
349 3061 404 3132 len
418 3065 551 3155 obligat.
578 3067 666 3153 Ergo
687 3067 741 3132 lex
766 3067 954 3157 permissive
981 3069 1112 3156 proprie
1141 3093 1217 3138 non
1246 3052 1295 3138 esi

173 3181 179 3188 ’
247 3155 329 3237 lex,
354 3155 520 3242 quianon
548 3155 681 3242 obligat.
706 3164 750 3219 2⁰.
774 3155 981 3238 Commune,
1002 3167 1040 3220 ut
1064 3157 1292 3247 distinguatur

132 3263 134 3265 ·
248 3261 268 3332 a
278 3244 488 3334 privilegio,
507 3244 595 3332 quod
617 3266 686 3323 non
707 3244 748 3334 ad
763 3267 875 3309 omnes
897 3247 1038 3334 spectat,
1053 3247 1107 3312 aed
1136 3252 1180 3313 ad
1207 3251 1295 3316 solos

188 3407 189 3410 Ἴ
247 3329 469 3424 privilegiatos
482 3357 492 3413 3
507 3355 567 3399 nec
581 3355 650 3396 non
670 3355 689 3396 a
697 3333 806 3419 jussu
829 3333 880 3398 vel
896 3333 1063 3424 nsandato
1077 3339 1209 3402 summi
1223 3339 1292 3404 imss

247 3423 413 3511 parantis,
436 3421 523 3508 quod
537 3421 643 3485 solum
661 3420 907 3489 mandatarium.
922 3422 1061 3508 stringit.
1082 3423 1128 3491 3⁰·
1144 3426 1293 3493 Summi

249 3512 477 3597 imperantim
492 3510 585 3596 cujus
602 3509 699 3573 solius
713 3519 778 3590 est,
792 3508 878 3596 leges
890 3505 990 3591 ferre,
1008 3511 1074 3577 sive
1085 3512 1162 3578 issit
1175 3513 1293 3604 impe-

248 3621 324 3666 rans
340 3598 541 3676 monarcha,
563 3599 627 3662 sive
647 3599 837 3686 optimates,
853 3600 918 3664 sive
938 3601 1089 3688 populus.
1113 3608 1166 3667 4⁰.
1187 3603 1292 3674 Obli-

245 3711 340 3778 gana
355 3711 470 3752 omnes
482 3687 646 3767 subditos,
661 3689 683 3751 l.
694 3710 729 3774 7,
736 3685 782 3776 ff.
797 3688 912 3776 deleg.
927 3688 974 3752 50.
996 3689 1045 3754 Ut
1056 3689 1104 3754 od
1114 3689 1196 3776 eJ‘ua
1209 3707 1295 3758 norb

247 3800 347 3854 ¹mum
359 3778 508 3840 actiones
520 3799 603 3842 suaa
620 3788 851 3864 componant,-
868 3777 956 3872 quod
968 3774 1234 3866 ,intelligendum
1250 3781 1291 3846 de

175 3924 180 3935 ‚
247 3864 428 3932 actionibus
436 3863 1293 3955 humanis,quoeexintellectuetvoluntateproficia-
1336 3879 1337 3912 0

249 3967 369 4034 cuntur
378 4004 393 4050 ,¹
405 3975 473 4022 non
485 3954 525 4021 de
540 3954 759 4047 staturelibus,
773 3953 890 4043 quibus
904 3955 1003 4024 nullae
1014 3953 1170 4024 feruntur
1186 3957 1291 4052 leges.
