<?xml version="1.0" encoding="UTF-8"?>
<!DOCTYPE html PUBLIC "-//W3C//DTD XHTML 1.0 Transitional//EN"
    "http://www.w3.org/TR/xhtml1/DTD/xhtml1-transitional.dtd">
<html xmlns="http://www.w3.org/1999/xhtml" xml:lang="en" lang="en">
 <head>
  <title>
</title>
<meta http-equiv="Content-Type" content="text/html;charset=utf-8" />
  <meta name='ocr-system' content='tesseract 3.04.00' />
  <meta name='ocr-capabilities' content='ocr_page ocr_carea ocr_par ocr_line ocrx_word'/>
</head>
<body>
  <div class='ocr_page' id='page_1' title='image "./recitationesine00heingoog_0132.png"; bbox 0 0 2646 4496; ppageno 0'>
   <div class='ocr_carea' id='block_1_1' title="bbox 1 329 1205 622">
    <p class='ocr_par' dir='ltr' id='par_1_1' title="bbox 1 329 1205 622">
     <span class='ocr_line' id='line_1_1' title="bbox 278 329 1152 432; baseline 0.001 -31"><span class='ocrx_word' id='word_1_1' title='bbox 278 421 280 429; x_wconf 33' lang='grc' dir='ltr'>Ι</span> <span class='ocrx_word' id='word_1_2' title='bbox 348 331 423 432; x_wconf 69' lang='grc' dir='ltr'><strong>ΒΕ</strong></span> <span class='ocrx_word' id='word_1_3' title='bbox 450 329 917 408; x_wconf 77' lang='lat' dir='ltr'><strong>ADOPTIONIBUs.</strong></span> <span class='ocrx_word' id='word_1_4' title='bbox 972 417 976 426; x_wconf 88' lang='lat'>.</span> <span class='ocrx_word' id='word_1_5' title='bbox 1087 335 1152 402; x_wconf 82' lang='lat'><strong>225</strong></span> 
     </span>
     <span class='ocr_line' id='line_1_2' title="bbox 1 431 1205 533; baseline 0.002 -27"><span class='ocrx_word' id='word_1_6' title='bbox 1 431 2 488; x_wconf 76' lang='lat' dir='ltr'><strong>l</strong></span> <span class='ocrx_word' id='word_1_7' title='bbox 106 457 194 506; x_wconf 77' lang='lat' dir='ltr'><strong>vero</strong></span> <span class='ocrx_word' id='word_1_8' title='bbox 214 438 312 529; x_wconf 86' lang='lat' dir='ltr'><strong>hujus</strong></span> <span class='ocrx_word' id='word_1_9' title='bbox 329 441 500 506; x_wconf 70' lang='lat' dir='ltr'><strong>axiomatis</strong></span> <span class='ocrx_word' id='word_1_10' title='bbox 514 453 578 524; x_wconf 89' lang='lat' dir='ltr'><strong>est,</strong></span> <span class='ocrx_word' id='word_1_11' title='bbox 593 441 680 529; x_wconf 89' lang='lat' dir='ltr'><strong>quod</strong></span> <span class='ocrx_word' id='word_1_12' title='bbox 699 441 743 522; x_wconf 92' lang='lat' dir='ltr'><strong>is,</strong></span> <span class='ocrx_word' id='word_1_13' title='bbox 760 445 817 528; x_wconf 89' lang='lat' dir='ltr'><strong>qui</strong></span> <span class='ocrx_word' id='word_1_14' title='bbox 831 465 894 530; x_wconf 82' lang='lat' dir='ltr'><strong>per</strong></span> <span class='ocrx_word' id='word_1_15' title='bbox 914 453 1069 506; x_wconf 87' lang='lat' dir='ltr'><strong>naturam</strong></span> <span class='ocrx_word' id='word_1_16' title='bbox 1092 467 1156 533; x_wconf 68' lang='lat' dir='ltr'><strong>pa·</strong></span> <span class='ocrx_word' id='word_1_17' title='bbox 1195 448 1205 520; x_wconf 62' lang='grc' dir='ltr'>ἴ</span> 
     </span>
     <span class='ocr_line' id='line_1_3' title="bbox 109 531 1156 622; baseline 0 -26"><span class='ocrx_word' id='word_1_18' title='bbox 109 539 165 596; x_wconf 83' lang='lat' dir='ltr'><strong>ter</strong></span> <span class='ocrx_word' id='word_1_19' title='bbox 186 531 238 594; x_wconf 91' lang='lat' dir='ltr'><strong>vel</strong></span> <span class='ocrx_word' id='word_1_20' title='bbox 257 531 343 599; x_wconf 88' lang='lat' dir='ltr'><strong>filius</strong></span> <span class='ocrx_word' id='word_1_21' title='bbox 362 553 425 596; x_wconf 87' lang='lat' dir='ltr'><strong>esse</strong></span> <span class='ocrx_word' id='word_1_22' title='bbox 448 555 517 596; x_wconf 89' lang='lat' dir='ltr'><strong>non</strong></span> <span class='ocrx_word' id='word_1_23' title='bbox 533 543 655 620; x_wconf 83' lang='lat' dir='ltr'><strong>posset,</strong></span> <span class='ocrx_word' id='word_1_24' title='bbox 679 553 738 596; x_wconf 89' lang='lat' dir='ltr'><strong>neo</strong></span> <span class='ocrx_word' id='word_1_25' title='bbox 766 533 863 620; x_wconf 85' lang='lat' dir='ltr'><strong>possit</strong></span> <span class='ocrx_word' id='word_1_26' title='bbox 885 533 982 596; x_wconf 89' lang='lat' dir='ltr'><strong>etiam</strong></span> <span class='ocrx_word' id='word_1_27' title='bbox 1010 555 1074 598; x_wconf 87' lang='lat' dir='ltr'><strong>esse</strong></span> <span class='ocrx_word' id='word_1_28' title='bbox 1097 541 1156 622; x_wconf 84' lang='lat' dir='ltr'><strong>per</strong></span> 
     </span>
    </p>
   </div>
   <div class='ocr_carea' id='block_1_2' title="bbox 1 619 1159 802">
    <p class='ocr_par' dir='ltr' id='par_1_2' title="bbox 1 619 1159 802">
     <span class='ocr_line' id='line_1_4' title="bbox 1 619 1158 708; baseline 0.003 -26"><span class='ocrx_word' id='word_1_29' title='bbox 1 639 2 682; x_wconf 68' lang='lat' dir='ltr'><strong>t</strong></span> <span class='ocrx_word' id='word_1_30' title='bbox 111 619 340 708; x_wconf 85' lang='lat' dir='ltr'><strong>adoptionem.</strong></span> <span class='ocrx_word' id='word_1_31' title='bbox 361 623 401 687; x_wconf 85' lang='lat' dir='ltr'><strong>E·</strong></span> <span class='ocrx_word' id='word_1_32' title='bbox 427 643 458 707; x_wconf 86' lang='lat' dir='ltr'><strong>g.</strong></span> <span class='ocrx_word' id='word_1_33' title='bbox 482 643 563 708; x_wconf 85' lang='lat' dir='ltr'><strong>puer</strong></span> <span class='ocrx_word' id='word_1_34' title='bbox 585 621 621 686; x_wconf 87' lang='lat' dir='ltr'>X</span> <span class='ocrx_word' id='word_1_35' title='bbox 643 643 809 684; x_wconf 86' lang='lat' dir='ltr'><strong>annorum</strong></span> <span class='ocrx_word' id='word_1_36' title='bbox 831 643 891 708; x_wconf 86' lang='lat' dir='ltr'><strong>per</strong></span> <span class='ocrx_word' id='word_1_37' title='bbox 912 635 1067 686; x_wconf 86' lang='lat' dir='ltr'><strong>naturam</strong></span> <span class='ocrx_word' id='word_1_38' title='bbox 1088 645 1158 686; x_wconf 83' lang='lat' dir='ltr'><strong>non</strong></span> 
     </span>
     <span class='ocr_line' id='line_1_5' title="bbox 1 710 1159 802; baseline 0.004 -31"><span class='ocrx_word' id='word_1_39' title='bbox 1 780 2 785; x_wconf 8' lang='grc' dir='ltr'>η</span> <span class='ocrx_word' id='word_1_40' title='bbox 109 721 296 802; x_wconf 80' lang='lat' dir='ltr'><strong>potestesse</strong></span> <span class='ocrx_word' id='word_1_41' title='bbox 313 723 424 798; x_wconf 85' lang='lat' dir='ltr'><strong>pater,</strong></span> <span class='ocrx_word' id='word_1_42' title='bbox 442 731 521 796; x_wconf 87' lang='lat' dir='ltr'><strong>ergo</strong></span> <span class='ocrx_word' id='word_1_43' title='bbox 536 730 595 774; x_wconf 90' lang='lat' dir='ltr'><strong>nec</strong></span> <span class='ocrx_word' id='word_1_44' title='bbox 608 710 782 798; x_wconf 74' lang='lat' dir='ltr'>adoptione</span> <span class='ocrx_word' id='word_1_45' title='bbox 796 712 868 775; x_wconf 87' lang='lat' dir='ltr'><strong>talis</strong></span> <span class='ocrx_word' id='word_1_46' title='bbox 881 724 985 798; x_wconf 89' lang='lat' dir='ltr'><strong>potest</strong></span> <span class='ocrx_word' id='word_1_47' title='bbox 1000 712 1081 779; x_wconf 86' lang='lat' dir='ltr'><strong>fieri.</strong></span> <span class='ocrx_word' id='word_1_48' title='bbox 1099 712 1159 776; x_wconf 90' lang='lat' dir='ltr'><strong>Fi·</strong></span> 
     </span>
    </p>
   </div>
   <div class='ocr_carea' id='block_1_3' title="bbox 111 799 1159 889">
    <p class='ocr_par' dir='ltr' id='par_1_3' title="bbox 111 799 1159 889">
     <span class='ocr_line' id='line_1_6' title="bbox 111 799 1159 889; baseline 0.004 -27"><span class='ocrx_word' id='word_1_49' title='bbox 111 799 180 862; x_wconf 86' lang='lat' dir='ltr'><strong>lius</strong></span> <span class='ocrx_word' id='word_1_50' title='bbox 193 821 253 886; x_wconf 89' lang='lat' dir='ltr'><strong>per</strong></span> <span class='ocrx_word' id='word_1_51' title='bbox 265 812 418 864; x_wconf 81' lang='lat' dir='ltr'><strong>naturam</strong></span> <span class='ocrx_word' id='word_1_52' title='bbox 436 822 510 865; x_wconf 72' lang='lat' dir='ltr'><strong>uon.</strong></span> <span class='ocrx_word' id='word_1_53' title='bbox 525 811 629 889; x_wconf 87' lang='lat' dir='ltr'><strong>potest</strong></span> <span class='ocrx_word' id='word_1_54' title='bbox 644 800 751 882; x_wconf 85' lang='lat' dir='ltr'><strong>major</strong></span> <span class='ocrx_word' id='word_1_55' title='bbox 767 811 848 862; x_wconf 78' lang='lat' dir='ltr'><strong>netu</strong></span> <span class='ocrx_word' id='word_1_56' title='bbox 866 823 929 865; x_wconf 86' lang='lat' dir='ltr'><strong>esse</strong></span> <span class='ocrx_word' id='word_1_57' title='bbox 945 813 1056 889; x_wconf 89' lang='lat' dir='ltr'><strong>patre,</strong></span> <span class='ocrx_word' id='word_1_58' title='bbox 1080 823 1159 888; x_wconf 86' lang='lat' dir='ltr'><strong>ergo</strong></span> 
     </span>
    </p>
   </div>
   <div class='ocr_carea' id='block_1_4' title="bbox 1 888 1160 978">
    <p class='ocr_par' dir='ltr' id='par_1_4' title="bbox 1 888 1160 978">
     <span class='ocr_line' id='line_1_7' title="bbox 1 888 1160 978; baseline 0.005 -28"><span class='ocrx_word' id='word_1_59' title='bbox 1 894 2 950; x_wconf 67' lang='lat' dir='ltr'><strong>i</strong></span> <span class='ocrx_word' id='word_1_60' title='bbox 114 910 181 952; x_wconf 88' lang='lat' dir='ltr'><strong>neo</strong></span> <span class='ocrx_word' id='word_1_61' title='bbox 197 911 256 975; x_wconf 87' lang='lat' dir='ltr'><strong>per</strong></span> <span class='ocrx_word' id='word_1_62' title='bbox 270 888 479 978; x_wconf 83' lang='lat' dir='ltr'><strong>adoptionem</strong></span> <span class='ocrx_word' id='word_1_63' title='bbox 495 900 573 952; x_wconf 86' lang='lat' dir='ltr'><strong>natu</strong></span> <span class='ocrx_word' id='word_1_64' title='bbox 591 889 816 978; x_wconf 84' lang='lat' dir='ltr'><strong>majorpotest</strong></span> <span class='ocrx_word' id='word_1_65' title='bbox 829 899 909 953; x_wconf 87' lang='lat' dir='ltr'><strong>natu</strong></span> <span class='ocrx_word' id='word_1_66' title='bbox 924 892 1060 954; x_wconf 88' lang='lat' dir='ltr'><strong>minoris</strong></span> <span class='ocrx_word' id='word_1_67' title='bbox 1074 891 1160 956; x_wconf 84' lang='lat' dir='ltr'><strong>lilius</strong></span> 
     </span>
    </p>
   </div>
   <div class='ocr_carea' id='block_1_5' title="bbox 100 977 1159 1246">
    <p class='ocr_par' dir='ltr' id='par_1_5' title="bbox 100 977 1159 1246">
     <span class='ocr_line' id='line_1_8' title="bbox 112 977 1159 1068; baseline 0.002 -24"><span class='ocrx_word' id='word_1_68' title='bbox 112 977 215 1062; x_wconf 80' lang='lat' dir='ltr'><strong>fieri3</strong></span> <span class='ocrx_word' id='word_1_69' title='bbox 241 979 303 1042; x_wconf 88' lang='lat' dir='ltr'><strong>ado</strong></span> <span class='ocrx_word' id='word_1_70' title='bbox 328 979 372 1042; x_wconf 91' lang='lat' dir='ltr'><strong>tio</strong></span> <span class='ocrx_word' id='word_1_71' title='bbox 392 982 482 1043; x_wconf 89' lang='lat' dir='ltr'><strong>enim</strong></span> <span class='ocrx_word' id='word_1_72' title='bbox 504 979 651 1042; x_wconf 80' lang='lat' dir='ltr'><strong>imitatur</strong></span> <span class='ocrx_word' id='word_1_73' title='bbox 678 991 843 1042; x_wconf 83' lang='lat' dir='ltr'><strong>naturam.</strong></span> <span class='ocrx_word' id='word_1_74' title='bbox 866 979 918 1042; x_wconf 85' lang='lat' dir='ltr'><strong>Ex</strong></span> <span class='ocrx_word' id='word_1_75' title='bbox 941 980 1005 1059; x_wconf 89' lang='lat' dir='ltr'><strong>boo</strong></span> <span class='ocrx_word' id='word_1_76' title='bbox 1029 981 1159 1068; x_wconf 77' lang='lat' dir='ltr'><strong>egregio</strong></span> 
     </span>
     <span class='ocr_line' id='line_1_9' title="bbox 100 1003 1157 1160; baseline 0.006 -30"><span class='ocrx_word' id='word_1_77' title='bbox 100 1067 284 1132; x_wconf 69' lang='lat' dir='ltr'><strong>‘axiomate</strong></span> <span class='ocrx_word' id='word_1_78' title='bbox 294 1003 403 1132; x_wconf 78' lang='lat' dir='ltr'><strong>{ibunt</strong></span> <span class='ocrx_word' id='word_1_79' title='bbox 417 1067 524 1155; x_wconf 79' lang='lat' dir='ltr'><strong>plures</strong></span> <span class='ocrx_word' id='word_1_80' title='bbox 532 1067 671 1154; x_wconf 84' lang='lat' dir='ltr'><strong>insignes</strong></span> <span class='ocrx_word' id='word_1_81' title='bbox 679 1067 919 1152; x_wconf 83' lang='lat' dir='ltr'><strong>conclusiones,</strong></span> <span class='ocrx_word' id='word_1_82' title='bbox 932 1091 1011 1157; x_wconf 86' lang='lat' dir='ltr'><strong>quas</strong></span> <span class='ocrx_word' id='word_1_83' title='bbox 1025 1069 1077 1156; x_wconf 51' lang='grc' dir='ltr'><strong>ὃς.</strong></span> <span class='ocrx_word' id='word_1_84' title='bbox 1094 1069 1157 1160; x_wconf 81' lang='lat'><strong>176</strong></span> 
     </span>
     <span class='ocr_line' id='line_1_10' title="bbox 114 1159 1113 1246; baseline 0.001 -26"><span class='ocrx_word' id='word_1_85' title='bbox 114 1168 150 1220; x_wconf 90' lang='lat' dir='ltr'><strong>et</strong></span> <span class='ocrx_word' id='word_1_86' title='bbox 177 1180 237 1244; x_wconf 86' lang='lat'><strong>¹77</strong></span> <span class='ocrx_word' id='word_1_87' title='bbox 257 1159 490 1246; x_wconf 79' lang='lat' dir='ltr'><strong>expendemus.</strong></span> <span class='ocrx_word' id='word_1_88' title='bbox 762 1187 766 1192; x_wconf 95' lang='lat'><em>·</em></span> <span class='ocrx_word' id='word_1_89' title='bbox 1110 1189 1113 1196; x_wconf 96' lang='lat'>·</span> 
     </span>
    </p>
   </div>
   <div class='ocr_carea' id='block_1_6' title="bbox 112 1300 1207 1710">
    <p class='ocr_par' dir='ltr' id='par_1_6' title="bbox 1 1300 1207 1710">
     <span class='ocr_line' id='line_1_11' title="bbox 162 1300 1162 1381; baseline 0.008 -25"><span class='ocrx_word' id='word_1_90' title='bbox 162 1303 264 1371; x_wconf 87' lang='lat' dir='ltr'><strong>Quam</strong></span> <span class='ocrx_word' id='word_1_91' title='bbox 288 1302 365 1358; x_wconf 89' lang='lat' dir='ltr'><strong>inter</strong></span> <span class='ocrx_word' id='word_1_92' title='bbox 390 1300 582 1374; x_wconf 82' lang='lat' dir='ltr'><strong>adoptionem</strong></span> <span class='ocrx_word' id='word_1_93' title='bbox 609 1313 639 1369; x_wconf 83' lang='lat' dir='ltr'><strong>et</strong></span> <span class='ocrx_word' id='word_1_94' title='bbox 670 1301 895 1378; x_wconf 77' lang='lat' dir='ltr'><strong>adrogationem</strong></span> <span class='ocrx_word' id='word_1_95' title='bbox 923 1304 1162 1381; x_wconf 79' lang='lat' dir='ltr'><strong>excogitaverant</strong></span> 
     </span>
     <span class='ocr_line' id='line_1_12' title="bbox 113 1383 1207 1462; baseline 0.004 -23"><span class='ocrx_word' id='word_1_96' title='bbox 113 1384 251 1462; x_wconf 80' lang='lat' dir='ltr'><strong>Romani</strong></span> <span class='ocrx_word' id='word_1_97' title='bbox 274 1383 492 1452; x_wconf 75' lang='lat' dir='ltr'><strong>differentiam,</strong></span> <span class='ocrx_word' id='word_1_98' title='bbox 512 1383 599 1457; x_wconf 76' lang='lat' dir='ltr'><strong>plani</strong></span> <span class='ocrx_word' id='word_1_99' title='bbox 618 1401 680 1442; x_wconf 90' lang='lat' dir='ltr'><strong>non</strong></span> <span class='ocrx_word' id='word_1_100' title='bbox 702 1403 864 1442; x_wconf 81' lang='lat' dir='ltr'><strong>servamus.</strong></span> <span class='ocrx_word' id='word_1_101' title='bbox 891 1387 982 1459; x_wconf 82' lang='lat' dir='ltr'><strong>Apud</strong></span> <span class='ocrx_word' id='word_1_102' title='bbox 1005 1405 1059 1444; x_wconf 87' lang='lat' dir='ltr'><strong>uos</strong></span> <span class='ocrx_word' id='word_1_103' title='bbox 1083 1389 1161 1443; x_wconf 84' lang='lat' dir='ltr'><strong>enirn</strong></span> <span class='ocrx_word' id='word_1_104' title='bbox 1205 1389 1207 1396; x_wconf 80' lang='grc'><em>’</em></span> 
     </span>
     <span class='ocr_line' id='line_1_13' title="bbox 115 1463 1159 1539; baseline 0.005 -18"><span class='ocrx_word' id='word_1_105' title='bbox 115 1484 183 1521; x_wconf 86' lang='lat' dir='ltr'><strong>una</strong></span> <span class='ocrx_word' id='word_1_106' title='bbox 203 1467 265 1522; x_wconf 89' lang='lat' dir='ltr'><strong>sola</strong></span> <span class='ocrx_word' id='word_1_107' title='bbox 283 1477 328 1522; x_wconf 89' lang='lat' dir='ltr'><strong>est</strong></span> <span class='ocrx_word' id='word_1_108' title='bbox 346 1463 514 1538; x_wconf 85' lang='lat' dir='ltr'><strong>adoptionis</strong></span> <span class='ocrx_word' id='word_1_109' title='bbox 536 1464 645 1538; x_wconf 85' lang='lat' dir='ltr'><strong>species</strong></span> <span class='ocrx_word' id='word_1_110' title='bbox 664 1485 729 1539; x_wconf 76' lang='lat' dir='ltr'><strong>quse</strong></span> <span class='ocrx_word' id='word_1_111' title='bbox 751 1466 781 1520; x_wconf 93' lang='lat' dir='ltr'><strong>in</strong></span> <span class='ocrx_word' id='word_1_112' title='bbox 804 1466 932 1539; x_wconf 80' lang='lat' dir='ltr'><strong>majores</strong></span> <span class='ocrx_word' id='word_1_113' title='bbox 954 1469 1051 1524; x_wconf 79' lang='lat' dir='ltr'><strong>solum</strong></span> <span class='ocrx_word' id='word_1_114' title='bbox 1072 1469 1159 1527; x_wconf 88' lang='lat' dir='ltr'><strong>cadit.</strong></span> 
     </span>
     <span class='ocr_line' id='line_1_14' title="bbox 112 1543 1161 1628; baseline 0.007 -26"><span class='ocrx_word' id='word_1_115' title='bbox 112 1543 216 1620; x_wconf 80' lang='lat' dir='ltr'><strong>(Cod.</strong></span> <span class='ocrx_word' id='word_1_116' title='bbox 230 1551 311 1621; x_wconf 80' lang='lat' dir='ltr'><strong>Nup.</strong></span> <span class='ocrx_word' id='word_1_117' title='bbox 325 1562 379 1602; x_wconf 77' lang='lat' dir='ltr'><strong>ura.</strong></span> <span class='ocrx_word' id='word_1_118' title='bbox 393 1545 460 1604; x_wconf 69' lang='grc'><strong>346.</strong></span> <span class='ocrx_word' id='word_1_119' title='bbox 473 1547 485 1622; x_wconf 82' lang='grc'>)</span> <span class='ocrx_word' id='word_1_120' title='bbox 500 1546 650 1603; x_wconf 82' lang='lat' dir='ltr'><strong>Habemus</strong></span> <span class='ocrx_word' id='word_1_121' title='bbox 671 1559 790 1615; x_wconf 84' lang='lat' dir='ltr'><strong>autem,</strong></span> <span class='ocrx_word' id='word_1_122' title='bbox 805 1548 889 1624; x_wconf 92' lang='lat' dir='ltr'><strong>quod</strong></span> <span class='ocrx_word' id='word_1_123' title='bbox 911 1549 1052 1606; x_wconf 87' lang='lat' dir='ltr'><strong>Romanis</strong></span> <span class='ocrx_word' id='word_1_124' title='bbox 1073 1551 1161 1628; x_wconf 79' lang='lat' dir='ltr'><strong>iguo·</strong></span> 
     </span>
     <span class='ocr_line' id='line_1_15' title="bbox 113 1629 1046 1710; baseline 0.004 -27.571"><span class='ocrx_word' id='word_1_125' title='bbox 113 1639 208 1698; x_wconf 86' lang='lat' dir='ltr'><strong>tum,</strong></span> <span class='ocrx_word' id='word_1_126' title='bbox 222 1631 345 1710; x_wconf 83' lang='lat' dir='ltr'><strong>tutelam</strong></span> <span class='ocrx_word' id='word_1_127' title='bbox 358 1629 463 1702; x_wconf 74' lang='lat' dir='ltr'><strong>nempe</strong></span> <span class='ocrx_word' id='word_1_128' title='bbox 477 1629 657 1698; x_wconf 83' lang='lat' dir='ltr'><strong>officiosam,</strong></span> <span class='ocrx_word' id='word_1_129' title='bbox 669 1629 705 1686; x_wconf 91' lang='lat' dir='ltr'><strong>de</strong></span> <span class='ocrx_word' id='word_1_130' title='bbox 718 1631 779 1704; x_wconf 82' lang='lat' dir='ltr'><strong>quat</strong></span> <span class='ocrx_word' id='word_1_131' title='bbox 790 1644 844 1688; x_wconf 81' lang='lat' dir='ltr'><strong>art.</strong></span> <span class='ocrx_word' id='word_1_132' title='bbox 859 1629 911 1688; x_wconf 72' lang='lat' dir='ltr'><strong>35ae</strong></span> <span class='ocrx_word' id='word_1_133' title='bbox 926 1644 954 1686; x_wconf 83' lang='lat' dir='ltr'><strong>et</strong></span> <span class='ocrx_word' id='word_1_134' title='bbox 965 1649 1046 1706; x_wconf 84' lang='lat' dir='ltr'><strong>seqq.</strong></span> 
     </span>
    </p>
   </div>
   <div class='ocr_carea' id='block_1_7' title="bbox 419 1781 850 1894">
    <p class='ocr_par' dir='ltr' id='par_1_7' title="bbox 419 1781 850 1894">
     <span class='ocr_line' id='line_1_16' title="bbox 419 1781 850 1894; baseline 0.005 -48"><span class='ocrx_word' id='word_1_135' title='bbox 419 1829 421 1836; x_wconf 67' lang='lat'><strong>,</strong></span> <span class='ocrx_word' id='word_1_136' title='bbox 497 1781 783 1894; x_wconf 65' lang='lat' dir='ltr'><strong>acnxxvi</strong></span> <span class='ocrx_word' id='word_1_137' title='bbox 847 1869 850 1878; x_wconf 14' lang='grc' dir='ltr'><strong>Α</strong></span> 
     </span>
    </p>
   </div>
   <div class='ocr_carea' id='block_1_8' title="bbox 165 1931 1219 2042">
    <p class='ocr_par' dir='ltr' id='par_1_8' title="bbox 165 1931 1219 2042">
     <span class='ocr_line' id='line_1_17' title="bbox 165 1931 1219 2042; baseline 0.002 -30"><span class='ocrx_word' id='word_1_138' title='bbox 165 1945 340 2012; x_wconf 80' lang='lat' dir='ltr'>Nimirum</span> <span class='ocrx_word' id='word_1_139' title='bbox 358 1942 434 2011; x_wconf 89' lang='lat' dir='ltr'><strong>inde</strong></span> <span class='ocrx_word' id='word_1_140' title='bbox 451 1941 545 2011; x_wconf 84' lang='lat' dir='ltr'><strong>facile</strong></span> <span class='ocrx_word' id='word_1_141' title='bbox 563 1943 700 2010; x_wconf 84' lang='lat' dir='ltr'><strong>solvitur</strong></span> <span class='ocrx_word' id='word_1_142' title='bbox 716 1945 869 2033; x_wconf 83' lang='lat' dir='ltr'><strong>quaestio,</strong></span> <span class='ocrx_word' id='word_1_143' title='bbox 886 1947 1023 2036; x_wconf 87' lang='lat' dir='ltr'><strong>quinam</strong></span> <span class='ocrx_word' id='word_1_144' title='bbox 1040 1948 1162 2042; x_wconf 87' lang='lat' dir='ltr'><strong>possint</strong></span> <span class='ocrx_word' id='word_1_145' title='bbox 1214 1931 1219 1945; x_wconf 49' lang='lat'>⁴</span> 
     </span>
    </p>
   </div>
   <div class='ocr_carea' id='block_1_9' title="bbox 1 2035 1289 2308">
    <p class='ocr_par' dir='ltr' id='par_1_9' title="bbox 1 2024 1289 2308">
     <span class='ocr_line' id='line_1_18' title="bbox 116 2035 1289 2126; baseline 0.002 -23.732"><span class='ocrx_word' id='word_1_146' title='bbox 116 2037 280 2126; x_wconf 81' lang='lat' dir='ltr'><strong>adoptare</strong></span> <span class='ocrx_word' id='word_1_147' title='bbox 291 2039 307 2102; x_wconf 73' lang='lat' dir='ltr'><strong>l</strong></span> <span class='ocrx_word' id='word_1_148' title='bbox 323 2035 487 2124; x_wconf 83' lang='lat' dir='ltr'><strong>Quilibet,</strong></span> <span class='ocrx_word' id='word_1_149' title='bbox 500 2036 557 2124; x_wconf 89' lang='lat' dir='ltr'><strong>qui</strong></span> <span class='ocrx_word' id='word_1_150' title='bbox 568 2047 702 2124; x_wconf 89' lang='lat' dir='ltr'><strong>possunt</strong></span> <span class='ocrx_word' id='word_1_151' title='bbox 714 2049 862 2126; x_wconf 86' lang='lat' dir='ltr'><strong>parentes</strong></span> <span class='ocrx_word' id='word_1_152' title='bbox 875 2061 940 2104; x_wconf 87' lang='lat' dir='ltr'><strong>esse</strong></span> <span class='ocrx_word' id='word_1_153' title='bbox 951 2051 983 2103; x_wconf 90' lang='lat' dir='ltr'><strong>et</strong></span> <span class='ocrx_word' id='word_1_154' title='bbox 994 2061 1161 2126; x_wconf 82' lang='lat' dir='ltr'><strong>generare.</strong></span> <span class='ocrx_word' id='word_1_155' title='bbox 1287 2107 1289 2115; x_wconf 68' lang='grc'>,</span> 
     </span>
     <span class='ocr_line' id='line_1_19' title="bbox 1 2125 1260 2214; baseline 0.001 -21"><span class='ocrx_word' id='word_1_156' title='bbox 1 2147 2 2204; x_wconf 63' lang='lat' dir='ltr'><strong>t</strong></span> <span class='ocrx_word' id='word_1_157' title='bbox 117 2127 186 2194; x_wconf 90' lang='lat' dir='ltr'><strong>An</strong></span> <span class='ocrx_word' id='word_1_158' title='bbox 209 2149 288 2214; x_wconf 87' lang='lat' dir='ltr'><strong>ergo</strong></span> <span class='ocrx_word' id='word_1_159' title='bbox 310 2129 355 2192; x_wconf 84' lang='lat'><strong>1⁰.</strong></span> <span class='ocrx_word' id='word_1_160' title='bbox 380 2125 535 2192; x_wconf 70' lang='lat' dir='ltr'><strong>castrati?</strong></span> <span class='ocrx_word' id='word_1_161' title='bbox 557 2125 714 2200; x_wconf 82' lang='lat' dir='ltr'><strong>Minime:</strong></span> <span class='ocrx_word' id='word_1_162' title='bbox 734 2141 767 2190; x_wconf 89' lang='lat' dir='ltr'><strong>et</strong></span> <span class='ocrx_word' id='word_1_163' title='bbox 784 2127 922 2194; x_wconf 74' lang='lat' dir='ltr'><strong>absurda</strong></span> <span class='ocrx_word' id='word_1_164' title='bbox 938 2140 989 2194; x_wconf 82' lang='lat' dir='ltr'><strong>est</strong></span> <span class='ocrx_word' id='word_1_165' title='bbox 1009 2129 1164 2194; x_wconf 76' lang='lat' dir='ltr'><strong>Novello</strong></span> <span class='ocrx_word' id='word_1_166' title='bbox 1178 2171 1209 2186; x_wconf 82' lang='lat'>-</span> <span class='ocrx_word' id='word_1_167' title='bbox 1257 2143 1260 2150; x_wconf 83' lang='grc'><strong>“</strong></span> 
     </span>
     <span class='ocr_line' id='line_1_20' title="bbox 1 2215 1166 2308; baseline -0.001 -24"><span class='ocrx_word' id='word_1_168' title='bbox 1 2290 2 2293; x_wconf 11' lang='lat'>¹</span> <span class='ocrx_word' id='word_1_169' title='bbox 115 2217 255 2288; x_wconf 81' lang='lat' dir='ltr'><strong>Leonis</strong></span> <span class='ocrx_word' id='word_1_170' title='bbox 283 2219 342 2294; x_wconf 78' lang='lat'><strong>26,</strong></span> <span class='ocrx_word' id='word_1_171' title='bbox 371 2235 444 2301; x_wconf 74' lang='lat' dir='ltr'><strong>quae</strong></span> <span class='ocrx_word' id='word_1_172' title='bbox 470 2226 502 2280; x_wconf 88' lang='lat' dir='ltr'><strong>et</strong></span> <span class='ocrx_word' id='word_1_173' title='bbox 525 2215 683 2280; x_wconf 87' lang='lat' dir='ltr'><strong>eunuchis</strong></span> <span class='ocrx_word' id='word_1_174' title='bbox 706 2217 867 2302; x_wconf 89' lang='lat' dir='ltr'><strong>permittit</strong></span> <span class='ocrx_word' id='word_1_175' title='bbox 885 2219 939 2304; x_wconf 86' lang='lat' dir='ltr'><strong>jus</strong></span> <span class='ocrx_word' id='word_1_176' title='bbox 965 2218 1166 2308; x_wconf 64' lang='lat' dir='ltr'><strong>adoptandis</strong></span> 
     </span>
    </p>
   </div>
   <div class='ocr_carea' id='block_1_10' title="bbox 118 2304 1213 3382">
    <p class='ocr_par' dir='ltr' id='par_1_10' title="bbox 118 2304 1213 3382">
     <span class='ocr_line' id='line_1_21' title="bbox 118 2304 1213 2396; baseline -0.008 -22"><span class='ocrx_word' id='word_1_177' title='bbox 118 2307 259 2396; x_wconf 82' lang='lat' dir='ltr'><strong>adoptio</strong></span> <span class='ocrx_word' id='word_1_178' title='bbox 271 2307 359 2372; x_wconf 89' lang='lat' dir='ltr'><strong>enim</strong></span> <span class='ocrx_word' id='word_1_179' title='bbox 370 2304 518 2370; x_wconf 83' lang='lat' dir='ltr'><strong>imitatur</strong></span> <span class='ocrx_word' id='word_1_180' title='bbox 529 2315 693 2387; x_wconf 84' lang='lat' dir='ltr'><strong>naturam.</strong></span> <span class='ocrx_word' id='word_1_181' title='bbox 708 2313 751 2368; x_wconf 78' lang='lat'><strong>2⁰.</strong></span> <span class='ocrx_word' id='word_1_182' title='bbox 766 2305 825 2370; x_wconf 88' lang='lat' dir='ltr'><strong>An</strong></span> <span class='ocrx_word' id='word_1_183' title='bbox 838 2306 1047 2396; x_wconf 81' lang='lat' dir='ltr'><strong>impuberes?</strong></span> <span class='ocrx_word' id='word_1_184' title='bbox 1062 2308 1165 2373; x_wconf 65' lang='lat' dir='ltr'><strong>Mini.</strong></span> <span class='ocrx_word' id='word_1_185' title='bbox 1184 2349 1213 2366; x_wconf 88' lang='grc'><strong>..</strong></span> 
     </span>
     <span class='ocr_line' id='line_1_22' title="bbox 119 2391 1164 2486; baseline 0.002 -26"><span class='ocrx_word' id='word_1_186' title='bbox 119 2420 182 2470; x_wconf 85' lang='lat' dir='ltr'><strong>me</strong></span> <span class='ocrx_word' id='word_1_187' title='bbox 194 2423 203 2460; x_wconf 69' lang='grc' dir='ltr'><strong>ι</strong></span> <span class='ocrx_word' id='word_1_188' title='bbox 219 2397 299 2482; x_wconf 87' lang='lat' dir='ltr'><strong>quid</strong></span> <span class='ocrx_word' id='word_1_189' title='bbox 310 2397 399 2462; x_wconf 88' lang='lat' dir='ltr'><strong>enim</strong></span> <span class='ocrx_word' id='word_1_190' title='bbox 411 2393 447 2458; x_wconf 92' lang='lat' dir='ltr'><strong>iis</strong></span> <span class='ocrx_word' id='word_1_191' title='bbox 459 2416 540 2482; x_wconf 86' lang='lat' dir='ltr'><strong>opus</strong></span> <span class='ocrx_word' id='word_1_192' title='bbox 551 2393 675 2468; x_wconf 86' lang='lat' dir='ltr'><strong>liberis,</strong></span> <span class='ocrx_word' id='word_1_193' title='bbox 689 2395 748 2480; x_wconf 83' lang='lat' dir='ltr'><strong>qui</strong></span> <span class='ocrx_word' id='word_1_194' title='bbox 761 2395 821 2483; x_wconf 90' lang='lat' dir='ltr'><strong>ipsi</strong></span> <span class='ocrx_word' id='word_1_195' title='bbox 837 2397 944 2461; x_wconf 84' lang='lat' dir='ltr'><strong>adhuc</strong></span> <span class='ocrx_word' id='word_1_196' title='bbox 957 2399 1051 2486; x_wconf 91' lang='lat' dir='ltr'><strong>pueri</strong></span> <span class='ocrx_word' id='word_1_197' title='bbox 1062 2391 1164 2462; x_wconf 74' lang='lat' dir='ltr'><strong>sunt?¹</strong></span> 
     </span>
     <span class='ocr_line' id='line_1_23' title="bbox 123 2486 1167 2578; baseline 0.002 -26"><span class='ocrx_word' id='word_1_198' title='bbox 123 2486 323 2575; x_wconf 78' lang='lat' dir='ltr'><strong>impuberes</strong></span> <span class='ocrx_word' id='word_1_199' title='bbox 338 2505 491 2570; x_wconf 84' lang='lat' dir='ltr'><strong>generare</strong></span> <span class='ocrx_word' id='word_1_200' title='bbox 503 2494 671 2570; x_wconf 88' lang='lat' dir='ltr'><strong>nequeunt</strong></span> <span class='ocrx_word' id='word_1_201' title='bbox 678 2503 784 2571; x_wconf 78' lang='lat' dir='ltr'><strong>,ergo</strong></span> <span class='ocrx_word' id='word_1_202' title='bbox 796 2507 857 2551; x_wconf 89' lang='lat' dir='ltr'><strong>neo</strong></span> <span class='ocrx_word' id='word_1_203' title='bbox 872 2487 1049 2576; x_wconf 69' lang='lat' dir='ltr'><strong>adoptarea</strong></span> <span class='ocrx_word' id='word_1_204' title='bbox 1062 2489 1167 2578; x_wconf 87' lang='lat' dir='ltr'><strong>adop-</strong></span> 
     </span>
     <span class='ocr_line' id='line_1_24' title="bbox 121 2572 1206 2663; baseline 0 -23"><span class='ocrx_word' id='word_1_205' title='bbox 121 2578 175 2644; x_wconf 86' lang='lat' dir='ltr'><strong>tio</strong></span> <span class='ocrx_word' id='word_1_206' title='bbox 200 2577 290 2642; x_wconf 87' lang='lat' dir='ltr'><strong>enim</strong></span> <span class='ocrx_word' id='word_1_207' title='bbox 315 2574 467 2641; x_wconf 85' lang='lat' dir='ltr'><strong>imitatur</strong></span> <span class='ocrx_word' id='word_1_208' title='bbox 484 2583 649 2638; x_wconf 82' lang='lat' dir='ltr'><strong>naturum.</strong></span> <span class='ocrx_word' id='word_1_209' title='bbox 677 2572 723 2638; x_wconf 80' lang='lat'><strong>5⁰.</strong></span> <span class='ocrx_word' id='word_1_210' title='bbox 747 2573 808 2638; x_wconf 91' lang='lat' dir='ltr'><strong>An</strong></span> <span class='ocrx_word' id='word_1_211' title='bbox 828 2573 985 2642; x_wconf 74' lang='lat' dir='ltr'><strong>feminae?</strong></span> <span class='ocrx_word' id='word_1_212' title='bbox 1001 2576 1166 2663; x_wconf 85' lang='lat' dir='ltr'><strong>Negatur.</strong></span> <span class='ocrx_word' id='word_1_213' title='bbox 1181 2627 1206 2649; x_wconf 73' lang='grc'><strong><em>,</em></strong></span> 
     </span>
     <span class='ocr_line' id='line_1_25' title="bbox 121 2662 1166 2748; baseline 0 -18"><span class='ocrx_word' id='word_1_214' title='bbox 121 2666 278 2736; x_wconf 80' lang='lat' dir='ltr'><strong>Adoptio</strong></span> <span class='ocrx_word' id='word_1_215' title='bbox 290 2664 437 2735; x_wconf 84' lang='lat' dir='ltr'><strong>imitatur</strong></span> <span class='ocrx_word' id='word_1_216' title='bbox 448 2675 620 2728; x_wconf 83' lang='lat' dir='ltr'><strong>naturam:</strong></span> <span class='ocrx_word' id='word_1_217' title='bbox 634 2662 725 2748; x_wconf 80' lang='lat' dir='ltr'><strong>etqui</strong></span> <span class='ocrx_word' id='word_1_218' title='bbox 735 2666 898 2730; x_wconf 79' lang='lat' dir='ltr'><strong>naturales</strong></span> <span class='ocrx_word' id='word_1_219' title='bbox 906 2666 999 2732; x_wconf 88' lang='lat' dir='ltr'><strong>liberi</strong></span> <span class='ocrx_word' id='word_1_220' title='bbox 1010 2689 1078 2732; x_wconf 88' lang='lat' dir='ltr'><strong>non</strong></span> <span class='ocrx_word' id='word_1_221' title='bbox 1090 2678 1166 2732; x_wconf 89' lang='lat' dir='ltr'><strong>sunt</strong></span> 
     </span>
     <span class='ocr_line' id='line_1_26' title="bbox 123 2742 1167 2848; baseline 0 -28"><span class='ocrx_word' id='word_1_222' title='bbox 123 2742 304 2830; x_wconf 74' lang='lat' dir='ltr'><strong>inseminae</strong></span> <span class='ocrx_word' id='word_1_223' title='bbox 316 2764 472 2842; x_wconf 84' lang='lat' dir='ltr'><strong>potestate</strong></span> <span class='ocrx_word' id='word_1_224' title='bbox 484 2801 491 2830; x_wconf 91' lang='lat'><strong>,</strong></span> <span class='ocrx_word' id='word_1_225' title='bbox 503 2774 581 2838; x_wconf 86' lang='lat' dir='ltr'><strong>ergo</strong></span> <span class='ocrx_word' id='word_1_226' title='bbox 593 2773 658 2818; x_wconf 19' lang='lat' dir='ltr'><strong>nec*</strong></span> <span class='ocrx_word' id='word_1_227' title='bbox 665 2773 724 2842; x_wconf 86' lang='lat' dir='ltr'><strong>per</strong></span> <span class='ocrx_word' id='word_1_228' title='bbox 735 2753 946 2848; x_wconf 89' lang='lat' dir='ltr'><strong>adoptionem</strong></span> <span class='ocrx_word' id='word_1_229' title='bbox 953 2755 1023 2820; x_wconf 88' lang='lat' dir='ltr'><strong>fieri</strong></span> <span class='ocrx_word' id='word_1_230' title='bbox 1032 2767 1167 2844; x_wconf 83' lang='lat' dir='ltr'><strong>possunt</strong></span> 
     </span>
     <span class='ocr_line' id='line_1_27' title="bbox 122 2841 1169 2932; baseline -0.002 -20"><span class='ocrx_word' id='word_1_231' title='bbox 122 2845 241 2912; x_wconf 85' lang='lat' dir='ltr'><strong>alieni.</strong></span> <span class='ocrx_word' id='word_1_232' title='bbox 253 2844 316 2910; x_wconf 87' lang='lat' dir='ltr'><strong>Per</strong></span> <span class='ocrx_word' id='word_1_233' title='bbox 328 2842 536 2932; x_wconf 78' lang='lat' dir='ltr'><strong>privilegium</strong></span> <span class='ocrx_word' id='word_1_234' title='bbox 548 2841 720 2929; x_wconf 76' lang='lat' dir='ltr'><strong>tamenjus</strong></span> <span class='ocrx_word' id='word_1_235' title='bbox 730 2841 907 2932; x_wconf 81' lang='lat' dir='ltr'><strong>adoptandi</strong></span> <span class='ocrx_word' id='word_1_236' title='bbox 919 2867 1108 2910; x_wconf 86' lang='lat' dir='ltr'><strong>eoncessum</strong></span> <span class='ocrx_word' id='word_1_237' title='bbox 1120 2843 1169 2910; x_wconf 87' lang='lat' dir='ltr'><strong>fe-</strong></span> 
     </span>
     <span class='ocr_line' id='line_1_28' title="bbox 124 2929 1167 3018; baseline 0.002 -20"><span class='ocrx_word' id='word_1_238' title='bbox 124 2935 231 3004; x_wconf 80' lang='lat' dir='ltr'><strong>minis</strong></span> <span class='ocrx_word' id='word_1_239' title='bbox 245 2935 280 2999; x_wconf 90' lang='lat' dir='ltr'><strong>in</strong></span> <span class='ocrx_word' id='word_1_240' title='bbox 291 2932 443 2998; x_wconf 87' lang='lat' dir='ltr'><strong>solatium</strong></span> <span class='ocrx_word' id='word_1_241' title='bbox 456 2931 637 3018; x_wconf 80' lang='lat' dir='ltr'><strong>liberorum¹</strong></span> <span class='ocrx_word' id='word_1_242' title='bbox 647 2929 841 2996; x_wconf 81' lang='lat' dir='ltr'><strong>amissorum</strong></span> <span class='ocrx_word' id='word_1_243' title='bbox 849 2982 858 3014; x_wconf 97' lang='lat'><strong>,</strong></span> <span class='ocrx_word' id='word_1_244' title='bbox 870 2935 902 3018; x_wconf 80' lang='lat'><em>§</em></span> <span class='ocrx_word' id='word_1_245' title='bbox 920 2956 973 3011; x_wconf 74' lang='lat' dir='ltr'><strong>so,</strong></span> <span class='ocrx_word' id='word_1_246' title='bbox 988 2935 1077 2998; x_wconf 84' lang='lat' dir='ltr'><strong>Inst.</strong></span> <span class='ocrx_word' id='word_1_247' title='bbox 1091 2934 1124 3002; x_wconf 77' lang='lat' dir='ltr'><strong>b.</strong></span> <span class='ocrx_word' id='word_1_248' title='bbox 1141 2946 1167 3000; x_wconf 83' lang='lat' dir='ltr'><strong>t.</strong></span> 
     </span>
     <span class='ocr_line' id='line_1_29' title="bbox 125 3020 1200 3112; baseline -0.004 -20"><span class='ocrx_word' id='word_1_249' title='bbox 125 3027 158 3092; x_wconf 74' lang='grc' dir='ltr'><strong>Ζ.</strong></span> <span class='ocrx_word' id='word_1_250' title='bbox 172 3029 198 3101; x_wconf 66' lang='grc' dir='ltr'><em>ᾇ</em></span> <span class='ocrx_word' id='word_1_251' title='bbox 209 3073 221 3105; x_wconf 83' lang='grc'>,</span> <span class='ocrx_word' id='word_1_252' title='bbox 239 3023 274 3088; x_wconf 85' lang='lat' dir='ltr'><strong>C.</strong></span> <span class='ocrx_word' id='word_1_253' title='bbox 289 3023 322 3088; x_wconf 87' lang='grc' dir='ltr'><strong>Ιι.</strong></span> <span class='ocrx_word' id='word_1_254' title='bbox 339 3034 363 3088; x_wconf 87' lang='lat' dir='ltr'><strong>t.</strong></span> <span class='ocrx_word' id='word_1_255' title='bbox 377 3020 427 3086; x_wconf 84' lang='lat'><strong>4⁰.</strong></span> <span class='ocrx_word' id='word_1_256' title='bbox 441 3025 499 3088; x_wconf 89' lang='lat' dir='ltr'><strong>An</strong></span> <span class='ocrx_word' id='word_1_257' title='bbox 510 3032 589 3086; x_wconf 88' lang='lat' dir='ltr'><strong>natu</strong></span> <span class='ocrx_word' id='word_1_258' title='bbox 600 3021 742 3086; x_wconf 88' lang='lat' dir='ltr'><strong>minores</strong></span> <span class='ocrx_word' id='word_1_259' title='bbox 753 3023 912 3108; x_wconf 86' lang='lat' dir='ltr'><strong>majorem</strong></span> <span class='ocrx_word' id='word_1_260' title='bbox 925 3023 1081 3112; x_wconf 88' lang='lat' dir='ltr'><strong>adoptare</strong></span> <span class='ocrx_word' id='word_1_261' title='bbox 1092 3047 1200 3112; x_wconf 37' lang='lat' dir='ltr'><strong>pos-v·</strong></span> 
     </span>
     <span class='ocr_line' id='line_1_30' title="bbox 126 3109 1171 3202; baseline -0.001 -23"><span class='ocrx_word' id='word_1_262' title='bbox 126 3115 237 3179; x_wconf 87' lang='lat' dir='ltr'><strong>sunt?</strong></span> <span class='ocrx_word' id='word_1_263' title='bbox 265 3112 415 3186; x_wconf 84' lang='lat' dir='ltr'><strong>Minime.</strong></span> <span class='ocrx_word' id='word_1_264' title='bbox 448 3109 594 3199; x_wconf 80' lang='lat' dir='ltr'><strong>Adoptio</strong></span> <span class='ocrx_word' id='word_1_265' title='bbox 625 3110 773 3175; x_wconf 83' lang='lat' dir='ltr'><strong>imitatur</strong></span> <span class='ocrx_word' id='word_1_266' title='bbox 803 3124 976 3191; x_wconf 88' lang='lat' dir='ltr'><strong>naturam,</strong></span> <span class='ocrx_word' id='word_1_267' title='bbox 1000 3135 1171 3202; x_wconf 86' lang='lat' dir='ltr'><strong>quumque</strong></span> 
     </span>
     <span class='ocr_line' id='line_1_31' title="bbox 126 3201 1171 3292; baseline -0.001 -21"><span class='ocrx_word' id='word_1_268' title='bbox 126 3202 313 3271; x_wconf 83' lang='lat' dir='ltr'><strong>seeundum</strong></span> <span class='ocrx_word' id='word_1_269' title='bbox 337 3203 424 3266; x_wconf 88' lang='lat' dir='ltr'><strong>hanc</strong></span> <span class='ocrx_word' id='word_1_270' title='bbox 444 3223 511 3266; x_wconf 91' lang='lat' dir='ltr'><strong>non</strong></span> <span class='ocrx_word' id='word_1_271' title='bbox 532 3212 653 3265; x_wconf 88' lang='lat' dir='ltr'><strong>temere</strong></span> <span class='ocrx_word' id='word_1_272' title='bbox 673 3213 749 3265; x_wconf 81' lang='lat' dir='ltr'><strong>ante</strong></span> <span class='ocrx_word' id='word_1_273' title='bbox 769 3221 895 3264; x_wconf 76' lang='lat' dir='ltr'><strong>anisum</strong></span> <span class='ocrx_word' id='word_1_274' title='bbox 920 3201 959 3266; x_wconf 83' lang='lat'><strong>18</strong></span> <span class='ocrx_word' id='word_1_275' title='bbox 985 3203 1057 3290; x_wconf 87' lang='lat' dir='ltr'><strong>quis</strong></span> <span class='ocrx_word' id='word_1_276' title='bbox 1078 3215 1171 3292; x_wconf 80' lang='lat' dir='ltr'><strong>pater</strong></span> 
     </span>
     <span class='ocr_line' id='line_1_32' title="bbox 128 3290 1174 3382; baseline -0.001 -21"><span class='ocrx_word' id='word_1_277' title='bbox 128 3317 200 3361; x_wconf 83' lang='lat' dir='ltr'><strong>esse</strong></span> <span class='ocrx_word' id='word_1_278' title='bbox 217 3293 332 3380; x_wconf 85' lang='lat' dir='ltr'><strong>possit,</strong></span> <span class='ocrx_word' id='word_1_279' title='bbox 353 3303 428 3355; x_wconf 83' lang='lat' dir='ltr'><strong>ante</strong></span> <span class='ocrx_word' id='word_1_280' title='bbox 450 3312 577 3354; x_wconf 83' lang='lat' dir='ltr'><strong>annum</strong></span> <span class='ocrx_word' id='word_1_281' title='bbox 596 3290 639 3355; x_wconf 78' lang='lat'><strong>56</strong></span> <span class='ocrx_word' id='word_1_282' title='bbox 665 3313 762 3354; x_wconf 86' lang='lat' dir='ltr'><strong>avus:</strong></span> <span class='ocrx_word' id='word_1_283' title='bbox 775 3291 936 3377; x_wconf 86' lang='lat' dir='ltr'><strong>sequitur,</strong></span> <span class='ocrx_word' id='word_1_284' title='bbox 952 3303 991 3354; x_wconf 91' lang='lat' dir='ltr'><strong>ut</strong></span> <span class='ocrx_word' id='word_1_285' title='bbox 1015 3292 1174 3382; x_wconf 82' lang='lat' dir='ltr'><strong>adoptans</strong></span> 
     </span>
    </p>
   </div>
   <div class='ocr_carea' id='block_1_11' title="bbox 6 3377 1174 3470">
    <p class='ocr_par' dir='ltr' id='par_1_11' title="bbox 6 3377 1174 3470">
     <span class='ocr_line' id='line_1_33' title="bbox 6 3377 1174 3470; baseline -0.003 -19"><span class='ocrx_word' id='word_1_286' title='bbox 6 3446 13 3459; x_wconf 84' lang='lat'><strong>,</strong></span> <span class='ocrx_word' id='word_1_287' title='bbox 127 3382 331 3470; x_wconf 80' lang='lat' dir='ltr'><strong>adoptivum</strong></span> <span class='ocrx_word' id='word_1_288' title='bbox 344 3381 451 3445; x_wconf 89' lang='lat' dir='ltr'><strong>saltim</strong></span> <span class='ocrx_word' id='word_1_289' title='bbox 468 3382 562 3468; x_wconf 87' lang='lat' dir='ltr'><strong>plena</strong></span> <span class='ocrx_word' id='word_1_290' title='bbox 584 3379 809 3467; x_wconf 85' lang='lat' dir='ltr'><strong>pubertate,i·</strong></span> <span class='ocrx_word' id='word_1_291' title='bbox 825 3404 854 3445; x_wconf 86' lang='lat' dir='ltr'><strong>e.</strong></span> <span class='ocrx_word' id='word_1_292' title='bbox 869 3380 963 3445; x_wconf 86' lang='lat' dir='ltr'><strong>annis</strong></span> <span class='ocrx_word' id='word_1_293' title='bbox 983 3381 1023 3447; x_wconf 86' lang='lat'><strong>18</strong></span> <span class='ocrx_word' id='word_1_294' title='bbox 1047 3377 1174 3470; x_wconf 71' lang='lat' dir='ltr'><strong>pratee-</strong></span> 
     </span>
    </p>
   </div>
   <div class='ocr_carea' id='block_1_12' title="bbox 126 3467 1251 4080">
    <p class='ocr_par' dir='ltr' id='par_1_12' title="bbox 126 3467 1173 3560">
     <span class='ocr_line' id='line_1_34' title="bbox 126 3467 1173 3560; baseline -0.002 -21"><span class='ocrx_word' id='word_1_295' title='bbox 126 3475 211 3545; x_wconf 82' lang='lat' dir='ltr'><strong>dere</strong></span> <span class='ocrx_word' id='word_1_296' title='bbox 231 3471 366 3552; x_wconf 89' lang='lat' dir='ltr'><strong>debeat,</strong></span> <span class='ocrx_word' id='word_1_297' title='bbox 385 3467 411 3534; x_wconf 91' lang='lat' dir='ltr'><strong>si</strong></span> <span class='ocrx_word' id='word_1_298' title='bbox 431 3471 508 3534; x_wconf 83' lang='lat' dir='ltr'><strong>velit</strong></span> <span class='ocrx_word' id='word_1_299' title='bbox 528 3469 635 3534; x_wconf 89' lang='lat' dir='ltr'><strong>filium</strong></span> <span class='ocrx_word' id='word_1_300' title='bbox 660 3469 834 3556; x_wconf 82' lang='lat' dir='ltr'><strong>adoptare:</strong></span> <span class='ocrx_word' id='word_1_301' title='bbox 856 3471 980 3560; x_wconf 88' lang='lat' dir='ltr'><strong>duplici</strong></span> <span class='ocrx_word' id='word_1_302' title='bbox 1002 3471 1173 3560; x_wconf 85' lang='lat' dir='ltr'><strong>pubertate</strong></span> 
     </span>
    </p>

    <p class='ocr_par' dir='ltr' id='par_1_13' title="bbox 128 3557 1173 3656">
     <span class='ocr_line' id='line_1_35' title="bbox 128 3557 1173 3656; baseline -0.002 -28"><span class='ocrx_word' id='word_1_303' title='bbox 128 3565 252 3656; x_wconf 84' lang='lat' dir='ltr'><strong>plena,</strong></span> <span class='ocrx_word' id='word_1_304' title='bbox 271 3563 293 3626; x_wconf 91' lang='lat' dir='ltr'><strong>i.</strong></span> <span class='ocrx_word' id='word_1_305' title='bbox 314 3583 344 3624; x_wconf 93' lang='lat' dir='ltr'><strong>e.</strong></span> <span class='ocrx_word' id='word_1_306' title='bbox 363 3562 456 3624; x_wconf 84' lang='lat' dir='ltr'><strong>annis</strong></span> <span class='ocrx_word' id='word_1_307' title='bbox 475 3561 524 3626; x_wconf 77' lang='lat'><strong>36·</strong></span> <span class='ocrx_word' id='word_1_308' title='bbox 543 3560 569 3623; x_wconf 88' lang='lat' dir='ltr'><strong>si</strong></span> <span class='ocrx_word' id='word_1_309' title='bbox 585 3568 758 3646; x_wconf 84' lang='lat' dir='ltr'><strong>nepotem,</strong></span> <span class='ocrx_word' id='word_1_310' title='bbox 781 3561 812 3646; x_wconf 53' lang='lat' dir='ltr'><strong>§L</strong></span> <span class='ocrx_word' id='word_1_311' title='bbox 834 3557 856 3624; x_wconf 74' lang='lat'><em>4</em></span> <span class='ocrx_word' id='word_1_312' title='bbox 866 3610 878 3640; x_wconf 91' lang='lat'><strong>,</strong></span> <span class='ocrx_word' id='word_1_313' title='bbox 899 3562 990 3626; x_wconf 78' lang='lat' dir='ltr'><strong>lust.</strong></span> <span class='ocrx_word' id='word_1_314' title='bbox 1012 3561 1045 3641; x_wconf 73' lang='lat' dir='ltr'><strong>Is.</strong></span> <span class='ocrx_word' id='word_1_315' title='bbox 1066 3573 1088 3624; x_wconf 86' lang='lat' dir='ltr'><strong>t.</strong></span> <span class='ocrx_word' id='word_1_316' title='bbox 1100 3562 1173 3646; x_wconf 65' lang='lat' dir='ltr'><strong>,Sed</strong></span> 
     </span>
    </p>

    <p class='ocr_par' dir='ltr' id='par_1_14' title="bbox 128 3647 1173 3740">
     <span class='ocr_line' id='line_1_36' title="bbox 128 3647 1173 3740; baseline -0.002 -20"><span class='ocrx_word' id='word_1_317' title='bbox 128 3675 213 3720; x_wconf 85' lang='lat' dir='ltr'><strong>cum</strong></span> <span class='ocrx_word' id='word_1_318' title='bbox 233 3672 332 3740; x_wconf 85' lang='lat' dir='ltr'><strong>supra</strong></span> <span class='ocrx_word' id='word_1_319' title='bbox 360 3647 562 3732; x_wconf 83' lang='lat' dir='ltr'><strong>dixerimus,</strong></span> <span class='ocrx_word' id='word_1_320' title='bbox 583 3660 762 3714; x_wconf 80' lang='lat' dir='ltr'><strong>castratum</strong></span> <span class='ocrx_word' id='word_1_321' title='bbox 791 3649 947 3738; x_wconf 85' lang='lat' dir='ltr'><strong>adoptare</strong></span> <span class='ocrx_word' id='word_1_322' title='bbox 972 3673 1049 3727; x_wconf 69' lang='lat' dir='ltr'><strong>non,</strong></span> <span class='ocrx_word' id='word_1_323' title='bbox 1064 3670 1173 3740; x_wconf 85' lang='lat' dir='ltr'><strong>posse,</strong></span> 
     </span>
    </p>

    <p class='ocr_par' dir='ltr' id='par_1_15' title="bbox 131 3737 1251 3830">
     <span class='ocr_line' id='line_1_37' title="bbox 131 3737 1251 3830; baseline -0.005 -20"><span class='ocrx_word' id='word_1_324' title='bbox 131 3741 290 3830; x_wconf 79' lang='lat' dir='ltr'><strong>aliudque</strong></span> <span class='ocrx_word' id='word_1_325' title='bbox 302 3738 447 3808; x_wconf 86' lang='lat' dir='ltr'><strong>obtineat</strong></span> <span class='ocrx_word' id='word_1_326' title='bbox 460 3740 495 3804; x_wconf 91' lang='lat' dir='ltr'><strong>in</strong></span> <span class='ocrx_word' id='word_1_327' title='bbox 509 3737 667 3826; x_wconf 86' lang='lat' dir='ltr'><strong>spadone,</strong></span> <span class='ocrx_word' id='word_1_328' title='bbox 684 3761 784 3824; x_wconf 77' lang='lat' dir='ltr'><strong>quesn</strong></span> <span class='ocrx_word' id='word_1_329' title='bbox 799 3741 953 3828; x_wconf 84' lang='lat' dir='ltr'><strong>adoptare</strong></span> <span class='ocrx_word' id='word_1_330' title='bbox 970 3755 1060 3830; x_wconf 87' lang='lat' dir='ltr'><strong>posse</strong></span> <span class='ocrx_word' id='word_1_331' title='bbox 1071 3741 1175 3804; x_wconf 82' lang='lat' dir='ltr'><strong>tradi·</strong></span> <span class='ocrx_word' id='word_1_332' title='bbox 1240 3803 1251 3822; x_wconf 8' lang='grc' dir='ltr'><strong>Ἴ,</strong></span> 
     </span>
    </p>

    <p class='ocr_par' dir='ltr' id='par_1_16' title="bbox 133 3824 1176 3918">
     <span class='ocr_line' id='line_1_38' title="bbox 133 3824 1176 3918; baseline -0.004 -20"><span class='ocrx_word' id='word_1_333' title='bbox 133 3845 195 3898; x_wconf 86' lang='lat' dir='ltr'><strong>tur</strong></span> <span class='ocrx_word' id='word_1_334' title='bbox 211 3833 299 3918; x_wconf 80' lang='lat'><strong>§.9,</strong></span> <span class='ocrx_word' id='word_1_335' title='bbox 317 3829 456 3896; x_wconf 74' lang='lat' dir='ltr'><strong>[nst-h.</strong></span> <span class='ocrx_word' id='word_1_336' title='bbox 474 3841 497 3893; x_wconf 85' lang='lat' dir='ltr'><strong>t.</strong></span> <span class='ocrx_word' id='word_1_337' title='bbox 517 3825 592 3907; x_wconf 73' lang='lat' dir='ltr'><strong>Le,</strong></span> <span class='ocrx_word' id='word_1_338' title='bbox 608 3829 638 3914; x_wconf 82' lang='lat'><strong>§.</strong></span> <span class='ocrx_word' id='word_1_339' title='bbox 654 3850 684 3909; x_wconf 75' lang='lat' dir='ltr'><strong>s,</strong></span> <span class='ocrx_word' id='word_1_340' title='bbox 702 3828 724 3892; x_wconf 89' lang='lat' dir='ltr'><strong>l.</strong></span> <span class='ocrx_word' id='word_1_341' title='bbox 741 3825 810 3910; x_wconf 72' lang='lat'><strong>40,</strong></span> <span class='ocrx_word' id='word_1_342' title='bbox 826 3829 856 3914; x_wconf 54' lang='grc' dir='ltr'><strong>ς.</strong></span> <span class='ocrx_word' id='word_1_343' title='bbox 873 3824 964 3918; x_wconf 71' lang='lat' dir='ltr'><strong>2sffi</strong></span> <span class='ocrx_word' id='word_1_344' title='bbox 980 3829 1014 3894; x_wconf 77' lang='lat' dir='ltr'><strong>h.</strong></span> <span class='ocrx_word' id='word_1_345' title='bbox 1031 3841 1055 3893; x_wconf 79' lang='lat' dir='ltr'><strong>t.</strong></span> <span class='ocrx_word' id='word_1_346' title='bbox 1072 3829 1176 3914; x_wconf 80' lang='lat' dir='ltr'><strong>quasti</strong></span> 
     </span>
    </p>

    <p class='ocr_par' dir='ltr' id='par_1_17' title="bbox 131 3916 1197 4080">
     <span class='ocr_line' id='line_1_39' title="bbox 131 3916 1197 4016; baseline -0.008 -30"><span class='ocrx_word' id='word_1_347' title='bbox 131 3933 260 4016; x_wconf 80' lang='lat' dir='ltr'><strong>¹potest,</strong></span> <span class='ocrx_word' id='word_1_348' title='bbox 281 3917 448 4006; x_wconf 87' lang='lat' dir='ltr'><strong>quomodo</strong></span> <span class='ocrx_word' id='word_1_349' title='bbox 464 3916 612 3996; x_wconf 70' lang='lat' dir='ltr'><strong>differant</strong></span> <span class='ocrx_word' id='word_1_350' title='bbox 629 3917 787 4010; x_wconf 73' lang='lat' dir='ltr'><strong>spadones</strong></span> <span class='ocrx_word' id='word_1_351' title='bbox 806 3931 838 3982; x_wconf 83' lang='lat' dir='ltr'><strong>et</strong></span> <span class='ocrx_word' id='word_1_352' title='bbox 852 3919 1020 4007; x_wconf 65' lang='lat' dir='ltr'><strong>eutitium,</strong></span> <span class='ocrx_word' id='word_1_353' title='bbox 1035 3917 1087 3990; x_wconf 75' lang='lat' dir='ltr'><strong>tel</strong></span> <span class='ocrx_word' id='word_1_354' title='bbox 1109 3939 1178 3992; x_wconf 76' lang='lat' dir='ltr'><strong>oas-</strong></span> <span class='ocrx_word' id='word_1_355' title='bbox 1193 3986 1197 3992; x_wconf 19' lang='lat' dir='ltr'><em>ff</em></span> 
     </span>
     <span class='ocr_line' id='line_1_40' title="bbox 178 4007 1015 4080; baseline -0.004 0"><span class='ocrx_word' id='word_1_356' title='bbox 178 4011 275 4080; x_wconf 80' lang='lat' dir='ltr'><strong>Pnus</strong></span> <span class='ocrx_word' id='word_1_357' title='bbox 299 4025 424 4076; x_wconf 76' lang='lat' dir='ltr'><strong>rarus.</strong></span> <span class='ocrx_word' id='word_1_358' title='bbox 988 4007 1015 4077; x_wconf 86' lang='lat' dir='ltr'>P</span> 
     </span>
    </p>
   </div>
   <div class='ocr_carea' id='block_1_13' title="bbox 0 0 1352 4496">
    <p class='ocr_par' dir='ltr' id='par_1_18' title="bbox 0 0 1352 4496">
     <span class='ocr_line' id='line_1_41' title="bbox 0 0 1352 4496; baseline 0 0"><span class='ocrx_word' id='word_1_359' title='bbox 0 0 1352 4496; x_wconf 95' lang='lat' dir='ltr'><strong> </strong></span> 
     </span>
    </p>
   </div>
  </div>
 </body>
</html>
