2646 4496
242 302 306 370 ru
506 265 1010 384 Lumr1‚rm2vu.

237 414 292 478 lic.
303 413 325 476 l.
340 409 382 490 4,
390 418 427 499 p·
440 416 518 478 228.
528 411 622 486 Scio,
638 414 700 500 qui
709 423 781 477 tota
792 411 934 476 servitio
949 407 1255 495 testamentalibus

237 527 308 566 esse
317 501 495 580 juberent,
511 512 551 565 ut
566 501 789 590 benignitatis
802 500 939 565 laudem
951 500 1029 585 p'ost
1045 507 1186 563 mortem
1191 497 1255 584 ser·

237 602 314 656 rent
323 641 335 669 ,
351 601 383 654 et
400 591 437 654 in
443 588 586 678 funeris
606 592 752 656 eltrtione
769 590 924 653 lecticam
939 612 1056 652 eorum
1072 610 1198 675 magno
1208 585 1256 672 pi·

238 680 408 744 lentorum
416 689 680 767 prosequeretur
686 678 902 767 frequentia,
916 679 954 742 in
966 702 1037 765 qua
1045 700 1175 763 pompa
1188 676 1256 761 qui·

236 767 320 833 dom
337 779 438 831 erant
461 791 574 832 recens
595 768 732 832 dimissi
752 792 794 832 ex
818 783 972 844 carcere,
999 761 1147 852 malefici
1173 761 1256 827 nulle

237 857 409 943 supplicia
433 857 557 921 meriti.
581 857 671 921 Istos
692 858 845 944 impuros
873 855 968 918 urbis
983 855 1097 941 pileos
1115 853 1256 938 plerique

235 965 318 1010 eum
331 945 506 1009 stomacho
524 945 747 1032 adspectant,
761 957 794 1009 et
810 953 979 1031 respuunt
996 965 1115 1007 eorum
1127 963 1256 1005 corune-

237 1035 418 1112 tttdinem,
446 1033 634 1122 indignam
650 1033 795 1122 facinus
826 1032 1070 1109 clamitantes,
1094 1029 1253 1117 populum

241 1147 358 1187 rerum
370 1123 572 1202 dominum,
585 1133 617 1186 et
629 1134 855 1208 usurpantem
866 1119 934 1186 sibi
947 1118 1050 1184 Orbis
1066 1119 1256 1204 imperium,

241 1211 370 1277 ultibus
385 1212 619 1275 contaminari
631 1212 772 1276 civibus.
788 1212 904 1296 Quum
920 1211 1031 1294 itaque
1048 1209 1094 1272 ita
1108 1207 1211 1285 fieret,
1225 1217 1256 1270 ut

239 1301 318 1364 urbs
331 1301 424 1364 malis
443 1300 568 1365 civibus
584 1301 886 1376 contaminaretur,
904 1297 1074 1383 Augustus
1094 1297 1178 1360 hanc
1191 1316 1257 1358 ma-

239 1389 436 1453 numittendi
449 1389 614 1454 licentiam
630 1390 792 1467 coercuit,
806 1388 898 1452 Suet.
912 1387 1007 1474 Aug.
1023 1411 1052 1450 c.
1072 1385 1155 1451 XL.
1171 1384 1256 1470 idque

239 1477 364 1542 factum
377 1479 447 1563 lege
461 1478 559 1542 Furia
576 1478 713 1542 (anima
727 1477 772 1541 Α.
787 1477 832 1543 U.
845 1477 883 1540 C.
901 1476 978 1556 751.
995 1475 1060 1538 lata
1076 1476 1153 1539 Sex.
1168 1473 1256 1537 Furio

240 1568 381 1630 Camillo
407 1577 441 1631 et
462 1567 542 1630 Caio
563 1567 701 1631 Caninio
721 1569 808 1630 Coss.
830 1587 849 1629 a
872 1563 989 1652 quibus
1006 1575 1039 1627 et
1055 1586 1177 1628 nomen
1196 1563 1257 1626 haec

240 1655 297 1720 lex
319 1657 444 1744 accepit
472 1656 576 1720 Fusiae
598 1654 769 1731 Canirriae3
800 1666 920 1718 veteres
943 1652 1032 1716 eninr
1063 1677 1125 1742 pro
1152 1652 1257 1716 Furius

240 1744 390 1899 {negant
408 1743 545 1827 Fusius,
561 1767 623 1834 pro
638 1743 785 1834 Papirius
802 1741 959 1832 Papisius.
979 1741 1024 1806 L.
1044 1764 1089 1823 2,
1107 1743 1138 1829 §-
1153 1736 1256 1830 36,ff·

644 1958 868 2045 ccxxu

286 2127 332 2192 ΙΙ.
357 2125 510 2212 Sequitur
526 2124 630 2188 altera
651 2127 800 2210 quaestio,
815 2125 894 2211 quid
907 2147 945 2190 ea
960 2125 1030 2212 lege
1044 2136 1181 2189 cautum
1197 2119 1258 2186 fue-

240 2217 309 2282 rit?
326 2216 425 2302 Resp.
446 2215 490 2277 1⁰.
507 2225 624 2280 utnon
637 2215 699 2277 nisi
713 2235 788 2302 pars
801 2234 972 2280 ser-vorum
986 2225 1180 2279 testamento
1194 2233 1257 2276 ma-

241 2305 376 2369 numitti
387 2314 501 2391 posset.
516 2303 559 2366 Et
569 2302 701 2388 quidem
712 2303 783 2366 haec
798 2303 994 2367 observanda
1006 2316 1076 2368 erat
1090 2301 1256 2391 proportio.

241 2393 362 2480 Siquis
377 2392 509 2456 haberet
522 2391 614 2456 Serv.
629 2393 664 2472 1,
680 2415 782 2478 usque
796 2392 841 2455 ad
854 2391 910 2470 X,
932 2393 1163 2457 manumittere
1176 2401 1258 2478 pote·

241 2493 293 2548 rat
321 2491 450 2569 partem
473 2479 664 2556 dimidiam3
677 2480 726 2544 sin
747 2479 803 2545 XI
821 2481 863 2544 ad
884 2480 1015 2560 XXX,
1037 2481 1258 2574 manumittere

242 2581 371 2660 poterat
391 2579 518 2658 partem
534 2569 747 2650 tertiam3sin
766 2569 896 2634 XXXI
915 2569 1157 2657 ath,partem
1168 2589 1258 2656 quar·-

241 2674 330 2736 tam3
350 2659 400 2722 sin
417 2659 461 2722 CI
484 2658 526 2722 ad
547 2659 621 2738 CV,
643 2671 769 2746 partem
793 2659 963 2744 qrriutarr'r3
982 2658 1033 2722 sin
1052 2661 1182 2748 plures,
1198 2677 1258 2720 non

241 2751 315 2844 plus
329 2770 429 2835 quam
443 2748 482 2812 C.
499 2752 544 2811 2⁰.
561 2748 628 2830 Ut,
642 2749 668 2811 si
683 2748 754 2835 quis
768 2748 877 2836 plures
887 2748 1153 2827 manumitteret,
1169 2743 1257 2836 primi

241 2851 374 2904 tantum
388 2836 481 2901 tiberi
494 2848 613 2916 essent,
629 2837 746 2924 reliqui
762 2838 795 2900 in
808 2837 961 2901 servitute
974 2849 1156 2902 manerent.
1179 2838 1213 2900 Ε.
1228 2855 1256 2918 g.

241 2929 380 2994 iubebat
396 2927 467 3013 quis
479 2925 498 2991 5
512 2948 637 3004 seruos,
649 2939 681 2990 et
695 2925 944 2990 munuruittehat
955 2927 1079 3013 Syrum
1091 2977 1101 3004 ‚
1116 2927 1257 3000 Davum,

180 3037 183 3042 ·
241 3018 410 3094 Stichum,
430 3017 633 3080 Dromonem
648 3040 657 3078 ε
672 3016 726 3080 hic
742 3015 807 3078 duo
825 3015 944 3102 priores
958 3028 1051 3080 erant
1064 3015 1174 3096 liberi,
1188 3011 1256 3099 quia

241 3129 300 3196 per
316 3107 400 3169 hanc
415 3106 520 3190 legem
535 3117 663 3168 tanturn
677 3127 753 3193 pars
765 3104 898 3169 dimidia
914 3106 1105 3171 manumitti
1123 3112 1256 3193 poterat,

188 3257 195 3272 ,
241 3195 370 3262 Stichus
385 3205 418 3257 et
430 3193 559 3258 Dromo
572 3195 656 3258 servi
672 3193 858 3257 manebant.
885 3195 1001 3279 Quum
1016 3195 1050 3259 id
1068 3196 1183 3259 scireut
1204 3190 1257 3256 do·

241 3285 345 3364 mini,
357 3282 504 3346 solebant
523 3283 658 3346 nomina
674 3281 811 3348 scribere
829 3285 865 3348 in
885 3293 1078 3350 testamento
1098 3287 1256 3362 uarietate,

240 3375 293 3439 vel
305 3395 365 3466 per·
379 3373 538 3436 annulum
555 3371 618 3436 hoc
635 3371 756 3437 modo:
