2756 4504
253 390 322 464 '416
512 397 681 468 LIBER
710 399 771 483 ΙΙ,
796 401 903 469 ΤΙΤ.
929 400 1026 470 VII.
1351 447 1352 518 3

254 507 371 573 donat
386 507 594 575 donationem
612 522 723 576 autem
738 512 852 576 mortis
866 534 975 577 caussa
992 535 1056 578 esse
1070 522 1200 590 actum,
1217 509 1267 597 qui
1351 519 1352 594 ξ

254 596 376 682 aliquid
387 619 430 663 ex
441 609 556 664 natura
566 601 664 686 porti
674 611 706 666 et
719 599 852 667 ultimae
863 601 1051 668 voluntatis
1062 601 1271 688 participat,
1351 607 1352 698 3

255 687 407 774 adeoque
418 688 508 753 inter
520 689 869 778 utrumquefluctuut.
884 765 899 772 Δ,
1351 719 1352 798 3

295 841 368 897 Iure
382 843 494 900 Gallico
507 843 615 900 nemini
626 844 692 900 licet
712 861 765 900 sua
782 845 861 902 bona
879 843 1012 922 gratuiti>
1028 843 1203 910 transferre,
1221 842 1271 898 nisi

252 919 417 980 donatione
438 925 515 984 iuter
535 925 639 989 vivos,
657 927 705 982 vel
726 936 910 984 testamento.
933 925 1005 984 Cod.
1030 928 1111 1002 Nep.
1135 938 1190 981 art.
1210 923 1270 998 393.

256 1005 332 1073 Quae
355 1005 530 1062 alternative
549 1006 740 1064 donationem
753 1007 857 1066 mortis
873 1008 961 1064 causa
980 1007 1131 1064 evidenter
1144 1007 1270 1063 excludit.

256 1083 387 1142 Donatio
397 1099 496 1142 autem
509 1088 587 1144 inter
597 1085 681 1145 vivos
694 1091 724 1144 in
734 1103 790 1146 art.
802 1087 862 1166 894
874 1088 1033 1158 delinitur,
1051 1101 1136 1146 actus
1149 1107 1209 1162 quo
1220 1099 1273 1144 sta-

255 1166 308 1222 tim
323 1178 351 1223 et
363 1168 594 1228 irrevocabiliter
604 1170 732 1228 donator
743 1189 806 1228 tem
816 1169 958 1236 donatam
967 1171 1106 1228 transfert
1116 1169 1148 1226 in
1159 1169 1272 1226 donata-

256 1247 335 1304 rium
349 1249 548 1326 accipientem.

508 1423 511 1428 .
615 1337 936 1466 §.vccccnvm

261 1532 264 1540 ’
302 1540 471 1626 eraeritur
490 1541 584 1624 jam,
599 1542 678 1630 quie
698 1542 820 1620 donare
838 1541 965 1634 possit?
982 1543 1164 1632 Responsio
1185 1541 1275 1608 facilis
1352 1531 1353 1614 f

256 1641 316 1695 est.
338 1629 487 1717 Utraque
510 1631 644 1698 donatio
666 1644 712 1698 est
737 1633 930 1714 liberalitas,
950 1655 1025 1719 quae
1042 1634 1225 1698 dominium
1245 1635 1276 1715 in
1352 1625 1353 1662 ³

257 1719 464 1785 donatoriam
487 1721 539 1784 vel
555 1720 665 1785 statim
680 1721 731 1788 vel
752 1722 788 1786 in
809 1718 958 1786 fixurum
978 1720 1125 1804 confert,
1151 1723 1181 1808 ς.
1206 1719 1275 1786 455.

256 1809 454 1874 Dominium
473 1807 508 1872 in
528 1809 632 1874 alium
650 1809 822 1880 transferre
845 1810 930 1876 inter
952 1810 1044 1878 viros
1065 1833 1136 1876 uon
1158 1803 1276 1900 potest,

256 1895 337 1978 nisi,
357 1899 412 1985 qui
434 1899 551 1986 etipse
575 1898 727 1964 dominus
749 1911 816 1980 est,
839 1912 872 1966 et
894 1900 1031 1966 liberam
1055 1900 1159 1966 habet
1174 1920 1276 1968 rerum

256 2010 389 2054 suarum
407 1987 738 2069 administrationem,
752 1990 783 2074 ς.
800 1986 865 2068 do,
878 1990 1024 2056 [nancte
1038 1990 1185 2058 rendre.
1200 1989 1221 2054 l.
1233 2011 1275 2065 21,

260 2075 297 2142 C.
313 2063 433 2144 mand.
449 2077 566 2142 Mortis
583 2101 691 2142 caussa
705 2077 879 2144 densatione
889 2129 898 2158 ,
910 2078 986 2166 quie
999 2078 1113 2144 similis
1128 2078 1276 2165 quodam·

257 2165 358 2230 modo
377 2176 423 2230 est
440 2165 563 2230 ultimae
583 2167 761 2247 voluntati,
778 2169 809 2252 ς.
825 2167 913 2248 456,
929 2190 997 2232 non
1015 2167 1077 2232 nisi
1095 2165 1278 2232 istranssert

258 2255 461 2336 dominium,
475 2255 530 2341 qui
543 2253 678 2321 liberam
693 2256 789 2322 habet
799 2257 980 2324 testamenti
991 2254 1182 2335 sectionem,
1196 2257 1218 2322 t.
1232 2260 1276 2332 15,

254 2341 296 2432 ff.
320 2343 362 2408 de
377 2353 478 2408 rnort.
496 2346 713 2412 carasseon.
733 2346 785 2410 Ex
805 2346 854 2410 bis
873 2367 951 2414 vero
966 2345 1092 2410 duobus
1109 2344 1277 2412 axiomati·

203 2477 244 2498 ....
258 2433 318 2496 bus
329 2453 435 2520 prono
446 2433 538 2500 alveo
549 2431 637 2514 fluit,
654 2434 1028 2512 1⁰.donareiutervivos
1040 2456 1108 2498 non
1118 2457 1208 2523 posse
1220 2456 1277 2522 pu-

224 2586 233 2596 ,
258 2519 374 2609 pillos,
393 2521 497 2586 immo
514 2531 558 2588 2⁰.
575 2543 618 2588 ne
633 2533 776 2590 tutorem
795 2525 949 2610 quidem,
967 2525 1015 2590 5⁰.
1031 2523 1204 2611 multoque
1219 2521 1278 2588 mi-

257 2605 319 2674 nus
333 2622 600 2700 procuratorem,
616 2613 675 2692 nisi
688 2614 817 2701 speciali
832 2612 873 2678 ad
886 2612 919 2676 id
932 2610 1119 2678 faciendum
1133 2613 1278 2680 mandato

258 2701 467 2764 instructum.
484 2697 531 2764 4⁰.
549 2701 652 2766 Porro
666 2713 698 2766 et
717 2701 831 2766 mortis
851 2723 962 2766 caussa
975 2702 1097 2766 donare
1113 2725 1183 2770 non
1197 2719 1279 2788 posse

259 2788 486 2878 impuberem,
512 2790 633 2879 quippe
656 2792 713 2876 qui
738 2801 976 2868 testamentum,
989 2783 1130 2857 dondere
1152 2791 1278 2877 nequit,
1353 2831 1354 2862 3

258 2901 320 2944 nec
335 2879 442 2944 ullum
458 2878 578 2960 alium,
594 2879 651 2966 qui
668 2879 777 2944 testari
793 2902 861 2944 non
879 2891 983 2969 potest
992 2928 1002 2961 ,
1018 2881 1122 2947 veluti
1134 2901 1279 2957 servum,
1353 2871 1354 2938 1

259 2969 490 3057 peregrinum,
504 2966 679 3049 furiosum,
697 2981 804 3036 mente
821 2981 975 3058 captum,
991 2969 1190 3058 prodigum,
1212 2989 1279 3032 sur-

259 3057 340 3122 dum
360 3070 392 3122 et
406 3069 561 3138 mutum,
581 3059 611 3144 §.
636 3057 798 3146 514-519.
819 3058 895 3139 Una
915 3058 1064 3160 exceptio
1081 3071 1127 3124 est
1148 3060 1183 3124 in
1200 3057 1280 3124 filio·

216 3177 239 3206 a
253 3145 407 3212 'familias
422 3147 510 3212 Nam
521 3159 553 3212 et
564 3146 617 3212 hic
629 3148 761 3233 quidem
776 3149 897 3212 donare
911 3159 1024 3212 mortis
1038 3170 1147 3214 caussa
1158 3146 1278 3232 nequit,

260 3237 337 3327 qnia
351 3259 420 3301 non
434 3235 531 3302 hebet
545 3237 727 3302 testamenti
740 3235 934 3315 factionem,
950 3237 1010 3301 nisi
1024 3237 1059 3302 in
1074 3238 1202 3326 peculio
1214 3257 1283 3299 cas·

259 3325 359 3406 tiensi
371 3339 402 3390 et
416 3325 506 3413 quasi
522 3326 690 3412 castrensi,
707 3327 729 3390 l.
749 3350 784 3412 ¹9
794 3375 805 3406 ,
814 3324 860 3414 ff
876 3326 937 3413 qui
948 3336 1021 3391 teat.
1033 3325 1109 3414 fac.
1130 3325 1231 3391 sedin
1243 3344 1279 3386 eo
1352 3379 1354 3418 ὲ

259 3427 373 3482 temen
398 3413 571 3480 discrimen
597 3425 671 3498 est,
699 3417 787 3502 quod
810 3413 1031 3496 filiusfamilias
1056 3425 1278 3482 testamentum

259 3505 399 3578 condere
414 3525 482 3568 non
496 3499 614 3592 possit,
629 3503 655 3568 si
670 3505 721 3570 vel
734 3505 880 3588 maxime
893 3505 1068 3588 consentiat
1084 3517 1190 3594 pater,
1205 3503 1227 3568 l.
1243 3503 1276 3579 6,

253 3617 313 3682 pr.
319 3591 367 3682 ff
384 3593 458 3658 eod.
479 3591 593 3658 mortis
606 3616 716 3674 caussa
733 3605 841 3676 autem
857 3593 983 3658 donare
998 3593 1044 3660 illi
1061 3595 1194 3660 omniuo
1209 3592 1278 3654 licet

259 3705 299 3748 eo
322 3681 539 3748 comentiente
550 3731 561 3765 ,
578 3682 600 3746 l.
622 3689 669 3748 25
678 3733 689 3762 ,
712 3685 753 3768 ἕ.
771 3706 808 3762 1,
820 3681 867 3772 ffi
889 3681 929 3746 de
949 3693 1049 3748 mort.
1069 3707 1177 3748 cauea.
1202 3680 1276 3745 don.

195 3783 228 3833 Τ*
260 3772 348 3856 quod
369 3771 442 3839 ideo
460 3771 576 3860 procul
603 3771 703 3852 dubio
723 3772 967 3856 introductum,
994 3772 1083 3859 quod
1105 3767 1280 3852 testamenti

246 3858 357 3930 ‘factio
376 3861 416 3926 sit
437 3859 530 3950 juris¹
544 3859 690 3950 publici,
718 3861 742 3928 l.
769 3863 815 3940 3,
834 3857 883 3950 ff·
913 3861 975 3949 qui
998 3871 1072 3926 test.
1094 3861 1168 3952 soc.
1187 3881 1275 3946 pora.

260 3949 404 4042 adeoque
427 3963 520 4044 pater
544 3951 631 4018 circe
655 3951 823 4036 illamaua
847 3949 1037 4018 auctoritate
1055 3952 1138 4032 ¹nibil
1157 3959 1279 4044 mutare

277 4037 283 4046 ’
954 4041 959 4051 “
1169 4045 1275 4127 possit,

171 2773 229 2806 ff
