2756 4504
273 430 276 436 ·
363 413 929 503 nnnsncarronrans.
1086 413 1151 482 415

500 577 530 661 s.
562 543 785 642 oooomr(

173 729 284 796 Tertia
309 731 427 820 species
453 731 702 822 praaaoriptionis
725 731 902 820 longissimi
931 729 1097 833 temporis
1108 741 1155 796 est

128 820 328 914 pransor-iptio
346 843 406 886 roo
422 844 597 888 annorum.
612 821 675 887 Sed
689 821 723 886 id
736 821 941 910 privilegium
955 843 1013 886 unr
1027 832 1156 886 tantum

129 909 269 973 ecclesiae
277 909 437 974 Romanae
448 911 562 976 datum
571 911 605 975 in
611 912 649 978 Α
650 912 723 977 astla.
729 909 928 990 actiones,0.
938 910 978 974 de
986 910 1157 989 Sdecole·

129 998 192 1061 siis.
209 997 321 1084 Itaque
333 999 441 1086 siquis
453 1001 632 1088 praedium,
653 1001 742 1087 quod
758 999 799 1064 ad
820 999 1059 1064 Patrimonium
1070 998 1157 1064 Petri

129 1087 182 1150 vel
195 1085 351 1151 ditionem
362 1087 523 1175 pontificis
537 1090 755 1178 pertinuerat,
768 1110 977 1175 quocumque
988 1088 1084 1152 titulo
1098 1089 1157 1152 ad·
1213 1127 1218 1150 ι
1273 1065 1275 1074 ,

130 1175 296 1262 quisiverit
305 1225 313 1256 ,
326 1199 394 1241 non
406 1178 495 1265 prius
508 1177 706 1242 litdominus
722 1199 821 1266 quam
837 1177 950 1266 elapnis
969 1198 1031 1243 roo
1050 1179 1154 1242 annis.

131 1263 195 1328 Sed
209 1263 306 1351 hujus
348 1265 574 1354 raesoriptionis
593 1267 680 1355 apud
700 1290 777 1343 nos,
794 1266 849 1353 qui
870 1289 889 1330 a
909 1265 1047 1332 fulmine
1067 1267 1157 1333 lovis

130 1349 220 1418 istius
230 1288 362 1420 latialis
374 1356 562 1422 remotiores
571 1357 730 1439 risimus,
743 1366 869 1420 nonest
882 1355 948 1422 ulla
960 1354 1091 1424 utilitas.

488 1517 520 1601 a,
547 1513 801 1588 ocoomrr.
844 1509 873 1600 Q

177 1679 327 1768 Denique
346 1681 462 1747 ultima
485 1681 603 1770 species
614 1679 865 1772 praescriptionis
882 1680 1059 1770 longissimi
1072 1693 1158 1749 tern-

132 1769 221 1861 poris
243 1782 288 1834 est
309 1773 526 1858 praescriptio
553 1771 833 1854 immemariolis..
848 1769 930 1858 Haeo
955 1771 1047 1834 nullo
1070 1787 1158 1856 certo

133 1859 274 1947 tempori
299 1860 449 1925 adstricta
472 1872 539 1942 est,
564 1861 618 1924 sed
637 1859 772 1942 suffieit,
798 1859 897 1945 modd
911 1859 1160 1926 incontrarinm

132 1949 222 2014 nulla
238 1959 339 2013 exstet
355 1949 527 2030 memoria,
539 1949 561 2013 l.
576 1943 658 2034 ἧς.
674 1973 702 2029 r,
705 1945 753 2038 ff
763 1948 908 2038 de‘aqno
921 1959 952 2013 et
960 1973 1053 2037 aquo
1056 1949 1157 2037 pluo.

132 2037 225 2103 'Hinc
240 2038 370 2125 probari
384 2039 463 2103 solet
475 2061 533 2127 per
545 2049 635 2102 testes
645 2061 748 2120 senes,
765 2039 820 2124 qui
835 2039 1099 2124 interrogantur,
1117 2064 1160 2104 an

134 2131 258 2205 sciant,
279 2147 348 2190 rem
363 2149 420 2214 per
434 2127 475 2193 30
493 2139 523 2192 et
541 2127 650 2216 plures
662 2149 763 2192 annos
777 2150 808 2191 se
822 2127 865 2191 ita
881 2127 1052 2192 habuisse?
1070 2128 1125 2192 An
1141 2153 1160 2192 a

133 2215 312 2299 majoribus
331 2213 526 2294 didicerint,
546 2237 616 2281 rem
627 2215 741 2280 eodem
763 2215 860 2280 mo'do
875 2240 906 2280 se
919 2215 1086 2280 habuisse?
1102 2219 1161 2284 An

133 2303 364 2385 meminerint,
379 2327 450 2370 rem
459 2327 612 2394 ,unquam
627 2328 716 2369 secus
729 2327 761 2369 se
775 2305 920 2370 habuisse
928 2355 938 2386 ,
958 2317 1018 2370 etc.
1033 2305 1067 2370 si
1083 2329 1161 2394 ergo

133 2398 226 2458 testes
237 2392 449 2480 respondent,
467 2417 567 2482 quam
583 2394 764 2479 longissime
777 2394 971 2458 memoriam
983 2416 1093 2460 rerum
1107 2420 1160 2461 re·

139 2483 246 2548 c'olere
260 2493 405 2570 possent,
418 2505 544 2571 semper
554 2506 625 2548 rem
642 2483 686 2546 ita
698 2505 730 2547 se
741 2483 907 2567 habuisse,
921 2486 964 2548 ita
981 2507 1013 2549 se
1033 2508 1163 2573 quoque

134 2571 324 2659 accepissea
339 2569 534 2660 majoribus,
558 2594 617 2636 neo
635 2572 740 2635 ullum
758 2572 815 2638 sibi
830 2583 950 2650 nptum·
966 2595 1029 2638 esse
1046 2597 1162 2639 exem-

133 2661 231 2752 'plmn
243 2660 278 2722 in
293 2663 494 2726 contrarium
508 2687 515 2725 ε
529 2673 607 2726 ωηο
623 2659 756 2750 probata
770 2662 970 2764 praescriptio
988 2663 1162 2742 immemo-

136 2750 234 2817 rialis.
253 2749 366 2836 Vulgo
388 2750 501 2814 dicunt
511 2800 520 2830 ,
534 2751 763 2815 immemoriali
778 2751 1019 2839 praescriptione
1036 2755 1164 2840 adquiri

140 2839 186 2908 1⁰·
199 2837 337 2924 regalia,
354 2861 385 2904 v.
398 2861 427 2903 c.
437 2840 490 2926 jus
501 2839 660 2919 venandi,
673 2851 816 2929 monetae¹
826 2839 980 2904 cudendae
991 2889 999 2920 ,
1010 2843 1162 2926 jurisdic-

136 2927 234 2994 tionis
246 2937 316 3007 3'2⁰.
329 2928 573 3006 immunitatum
589 2928 629 2992 ab
644 2928 795 3015 oneribus
805 2927 963 3010 realibus,
976 2929 1020 2994 5⁰.
1035 2926 1162 2995 Domo·

138 3010 247 3083 n'alia.
265 3015 325 3079 Sed
340 3017 378 3080 de
392 3018 512 3081 ultimis
526 3017 558 3081 id
576 3015 745 3082 manifesto
756 3015 893 3098 falsum,
913 3029 945 3082 et
961 3021 1162 3087 eontrarium

138 3042 277 3174 dabatur
289 3104 324 3168 in
336 3127 409 3192 cop.
421 3107 488 3186 aa,
501 3105 551 3172 X.
564 3102 756 3194 dejureJ'nr·.'
768 3127 871 3193 quum
883 3117 993 3171 tamen
1004 3107 1067 3172 hoc
1080 3116 1164 3200 oapi.

119 3189 122 3198 ’
139 3197 246 3262 tulum
263 3193 361 3281 vulgo
372 3217 433 3284 pro
447 3196 601 3262 sententia
614 3217 670 3262 sua
683 3197 820 3284 allegare
831 3196 953 3264 soleant
964 3196 1121 3266 doctores.
