2646 4496
203 375 265 440 232
466 375 654 442 bruun
679 373 716 457 1,
742 377 850 444 TIT.
882 373 956 442 Xl.
1004 385 1008 393 ’

200 483 339 574 imperio
355 483 585 570 magistratus,
606 498 640 552 et
656 486 789 574 quidem
815 485 955 572 cujusvis
963 509 978 565 ,·
996 475 1142 571 quamvis
1160 495 1222 542 nou

200 573 241 638 sit
255 586 462 662 competens,
476 576 552 662 quia
563 587 609 640 est
623 588 714 641 actus
725 577 917 642 voluntariae
926 569 1163 661 jurisdictionis.

242 717 289 772 Nil
307 715 345 772 ad
361 719 564 793 paragraphos
579 700 775 793 praecedentes
789 719 978 785 notavimus,
996 715 1066 792 quia
1088 711 1123 768 de
1140 673 1222 768 adro·

199 799 317 876 gatione
329 799 445 854 tantum
460 811 605 876 tractant,
626 821 712 876 quae,
732 815 767 859 ut
783 801 910 858 diximus
924 800 955 856 in
968 799 1041 856 nota
1053 795 1092 852 ad
1103 791 1132 876 5.
1152 785 1218 868 175,

184 879 274 966 ,juris
288 881 384 937 nostri
395 901 457 938 ιιοιι
470 895 523 940 est.

546 1029 578 1112 s.
602 1026 886 1094 ccxxxiv.

245 1181 301 1246 Ex
326 1155 389 1244 bac
416 1201 495 1266 ergo
516 1179 703 1246 delinitione
729 1181 823 1246 facile
846 1178 1033 1270 responderi
1058 1158 1162 1270 potest
1187 1177 1224 1244 ad

203 1271 432 1358 quaestiones:
448 1279 491 1334 1⁰.
516 1270 573 1356 qui
595 1272 818 1359 adoptentur?
840 1273 885 1334 2⁰.
911 1269 1078 1357 quomodo
1101 1267 1226 1358 adoptio
1307 1295 1308 1306 ι

202 1359 285 1424 liat?
308 1359 354 1424 5⁰.
374 1359 446 1444 quis
464 1359 531 1446 ejus
548 1359 679 1426 effectus
695 1362 761 1428 sit?
774 1361 839 1426 Ad
850 1362 1009 1449 primam
1022 1357 1226 1448 quaestionem

204 1447 295 1536 quod
315 1447 460 1528 adtinet,
487 1449 623 1536 quinam
646 1451 865 1542 adoptentur,
888 1471 931 1516 ex
958 1449 1146 1534 definitione
1165 1469 1227 1512 res-
1308 1483 1309 1504 ι

202 1529 410 1638 pandemus:
425 1537 547 1618 liberi,
562 1540 624 1628 qui
638 1541 676 1604 in
687 1551 857 1627 potestate
867 1533 1058 1628 parentum
1072 1547 1162 1626 sunt.
1179 1537 1227 1600 Ex

135 1709 138 1714 Ι
201 1651 270 1714 quo
285 1627 485 1712 colligimus,
505 1636 548 1692 ιο.
559 1629 676 1716 patris
693 1653 895 1700 consensum
909 1627 1071 1716 sufficere.
1086 1629 1126 1712 ln
1140 1648 1232 1694 arro-⁴

202 1717 334 1805 gatione
349 1717 442 1782 aliter
457 1739 490 1782 se
512 1739 561 1782 res
580 1717 698 1799 habet,
716 1719 770 1784 ubi
787 1731 819 1786 et
831 1718 1032 1806 arrogantius
1046 1713 1141 1782 debet
1152 1735 1228 1780 con-

202 1806 320 1871 sentire
335 1818 367 1870 et
383 1817 497 1871 auctor
511 1805 592 1874 fieri.
609 1795 623 1893 ⁴(
631 1810 662 1894 ὃ.
684 1808 778 1895 180.)
800 1809 999 1874 Hic·2‘intem
1015 1806 1150 1896 perinde
1165 1813 1229 1883 est,
1310 1843 1311 1882 ι

201 1897 269 1961 sive
291 1895 360 1960 filio
385 1895 513 1988 placeat
539 1897 689 1986 adoptio,
705 1897 770 1966 sive
787 1899 952 1988 displiceat
968 1947 976 1976 ,
994 1897 1096 1962 modo
1123 1905 1229 1984 pater,

201 1985 341 2071 cujusin
351 1996 505 2074 potestate
518 1999 582 2067 est,
597 1991 793 2071 consentiat,
810 1991 832 2055 l.
848 1995 871 2070 5
881 2038 890 2069 ‚
900 1987 949 2078 ff
964 1989 996 2052 b.
1014 1999 1037 2052 t.
1054 1985 1153 2051 Ratio
1163 1983 1228 2048 haec
1311 2020 1312 2070 ι

202 2087 261 2140 est.
277 2074 379 2138 Filius
400 2075 435 2139 in
449 2077 553 2164 patria
572 2089 726 2165 potestate
744 2079 975 2144 'constitutusa
999 2085 1092 2166 patre
1112 2087 1161 2140 ter
1175 2093 1229 2161 po·
1311 2079 1312 2150 i

142 2188 145 2195 ·
203 2175 289 2230 terat
304 2164 487 2230 venundari
502 2167 550 2252 (ς.
571 2165 936 2258 158),adoptioautem
951 2167 1033 2232 nihil
1048 2165 1139 2231 aliud
1149 2171 1229 2242 erat,

201 2277 306 2341 quam
323 2254 408 2318 trina
423 2255 621 2319 venundatio
635 2256 850 2343 imaginaria,
872 2269 911 2325 ut
929 2258 1096 2346 superiore
1118 2257 1148 2340 §.
1172 2251 1228 2315 do·

203 2345 344 2406 enimus.
361 2345 653 2426 Quemadmodum
669 2347 777 2436 itaque
791 2351 826 2413 in
841 2347 1026 2412 venditione
1040 2368 1110 2410 non
1124 2341 1229 2428 requi-

203 2431 337 2498 rebatur
354 2431 413 2496 fitii
430 2445 601 2519 consensus
610 2484 620 2518 ,
634 2437 679 2502 ita
694 2461 753 2502 nec
768 2439 802 2502 in
817 2437 1001 2526 adoptione.
1011 2442 1057 2500 2⁰.
1075 2430 1230 2520 Iasonios

204 2523 312 2586 etiam
327 2521 364 2584 in
380 2521 596 2606 adoptionem
609 2525 691 2591 dori
704 2538 736 2590 et
747 2527 909 2614 adoptari
916 2550 1033 2614 posse,
1047 2523 1071 2588 l.
1085 2521 1149 2601 42,
1163 2523 1194 2586 ls-
1207 2529 1229 2582 t·

203 2610 369 2697 Arrogari
389 2633 457 2674 non
483 2621 634 2702 poterant
654 2615 700 2680 im
726 2616 859 2697 uberes,
876 2613 937 2681 nisi
951 2613 1062 2680 multis
1087 2607 1231 2678 adhibitis

203 2697 409 2766 cautionibus
415 2751 426 2790 ,
443 2701 483 2766 de
497 2703 614 2789 quibus
628 2707 658 2792 ς.
679 2640 724 2771 ld
724 2729 737 2770 ι
755 2693 865 2770 aetum
879 2733 888 2766 ε
902 2705 1051 2792 adoptari
1065 2725 1144 2769 vero
1162 2721 1231 2789 pot-

201 2802 279 2858 sunt
299 2790 398 2856 etiam
427 2789 576 2858 infantes.
600 2794 693 2859 Cnrl
710 2795 784 2882 quia
809 2795 913 2860 modo'
932 2795 1097 2874 vidimus,
1119 2807 1230 2858 eorum

203 2899 399 2950 consensum
415 2904 483 2946 non
499 2882 621 2970 requiri
634 2883 670 2948 in
688 2883 872 2974 adoptione.
892 2885 1026 2950 Poterat
1038 2893 1132 2972 pater
1143 2891 1175 2948 et
1187 2878 1230 2942 in-

202 2969 328 3037 fantem
341 2971 630 3058 sanguinolentum
642 2973 847 3060 venundare,
860 2974 882 3039 l.
900 2995 919 3039 2
929 3024 942 3054 ,
960 2973 997 3040 0.
1018 2971 1060 3038 de
1069 2981 1160 3057 potr.
1173 2965 1230 3070 qui

194 3057 256 3149 fil.
271 3062 420 3127 distros.
443 3084 521 3148 ergo
543 3075 574 3127 et
594 3061 751 3129 infantem
774 3065 810 3129 in
835 3063 1043 3152 adoptionem
1060 3060 1130 3126 dari
1153 3053 1230 3124 mhit

204 3150 412 3240 prohibebat.
429 3151 476 3217 5⁰.
491 3151 670 3240 Adoptnri
681 3179 750 3220 non
757 3178 856 3240 posse
868 3153 990 3219 liberos
999 3147 1230 3216 exconcubina

206 3251 324 3320 natos,
343 3241 365 3304 l.
377 3261 403 3326 7
415 3290 423 3319 ,
437 3239 474 3336 Q.
495 3241 629 3320 (Zenon⁴
645 3242 705 3308 tit.
721 3243 810 3329 Quia
824 3243 913 3309 enim
932 3241 1130 3332 adoptantur
1144 3230 1230 3302 liberi

206 3331 243 3396 in
264 3341 419 3418 potestate
446 3331 634 3411 constituti,
655 3331 835 3398 secundnm
849 3331 1070 3396 definitionem
1091 3337 1230 3393 nostram

206 3419 463 3506 §.antecedente
485 3421 686 3506 expositam,
701 3421 795 3488 liberi
816 3433 925 3486 autem
946 3431 1039 3486 extra
1062 3417 1229 3482 matrimo-
1288 3475 1291 3482 ,

206 3507 302 3574 nium
318 3529 360 3571 ex
381 3507 563 3572 concubina
587 3509 657 3572 nati
678 3533 747 3574 non
770 3522 844 3575 sunt
871 3509 907 3576 in
929 3509 1032 3597 patria
1058 3513 1230 3598 potestate,

208 3597 332 3686 quippe
347 3619 421 3683 quse
434 3608 564 3662 tantum
579 3619 622 3663 ex
637 3599 730 3684 justis
749 3602 871 3688 nnptiis
891 3599 1035 3686 nascitur
1055 3589 1228 3684 (§.144):

183 3701 185 3705 ’
205 3683 302 3840 {psile
311 3697 396 3776 patet
408 3734 417 3766 ,
428 3685 544 3752 liberos
552 3687 716 3754 naturales
730 3689 781 3755 vel
793 3711 835 3754 ex
847 3687 1028 3756 concubina
1038 3697 1131 3752 natos
1139 3681 1230 3768 adop

243 3801 269 3840 ιι
285 3797 352 3840 ιιοιι
366 3797 466 3864 posse.

250 3906 349 3976 Patris
361 3911 530 3961 consensum
543 3905 704 3984 sufficere]
725 3905 800 3974 Clam
815 3907 885 3980 jure
899 3917 1004 3969 nostro
1023 3897 1157 3975 adoptari
1174 3910 1232 3952 non

209 3985 324 4062 P⁰⁵⁵i¹12
336 4026 344 4056 ι
355 3985 413 4048 niti
424 3986 478 4065 qui
488 3991 535 4045 tui
542 3984 620 4060 juris
632 3989 859 4064 majoreunitate
872 3999 943 4056 suut
953 3985 1049 4048 effecti
1060 3985 1132 4063 (art.
1145 3973 1229 4056 346)ὶ

1310 2335 1313 2384 l
