2710 4504
223 337 283 412 nv
560 336 939 438 nantelmo.-

226 481 338 552 quum
361 453 400 525 in
426 451 560 527 celebri
585 455 779 529 Frisiorum
799 455 999 545 academia,
1019 481 1100 553 quae
1120 459 1261 532 ¹Franc-

226 579 345 650 querae
361 555 490 644 floret„
507 556 721 628 Antecessor
744 556 799 654 jus
821 557 922 630 civile
944 556 1086 654 publice
1110 557 1259 654 profite·
1348 551 1349 566 ¹

224 673 342 741 retur,
363 652 570 750 scholasque
586 653 624 724 in
642 655 826 726 Elementa
847 681 909 726 sua
926 679 1001 727 non
1021 655 1096 727 sine
1117 682 1257 729 summo

224 751 425 822 auditorum
460 751 583 849 plausu
613 756 802 852 fructuque
832 753 1011 849 uberrimo
1040 752 1252 826 institueret.
1348 787 1349 792 ¹

222 853 303 921 Mos
329 849 424 921 enim
450 851 484 922 ei
507 871 603 941 erat,
625 852 740 924 statim
767 878 810 926 ex
837 877 910 950 quo
935 852 1099 950 publicus
1124 851 1252 926 doctor
1348 897 1349 900 =

83 975 84 978 ¹
190 1029 193 1034 ¹
222 948 435 1020 constitutus
453 969 561 1039 esset,
579 950 779 1042 adsumtus,
792 970 992 1024 constanter
1005 972 1125 1050 postea
1140 977 1256 1023 serva·
1348 993 1349 1008 κ

222 1065 301 1138 tus,
318 1074 359 1118 ac
375 1075 453 1119 sero
470 1047 635 1140 demum,
662 1069 739 1121 tum
761 1050 922 1140 scilicet,
946 1077 1057 1147 quum
1082 1049 1255 1122 exercita-

175 1239 180 1248 ι
221 1165 300 1216 tum
315 1147 396 1218 satis
414 1174 452 1218 se
465 1147 620 1220 dicendo
634 1147 871 1246 docendoque
887 1151 1052 1235 sentiret,
1066 1147 1251 1232 desuetus,

220 1271 261 1315 ea
289 1243 336 1316 de
363 1245 492 1339 quibus
519 1247 555 1317 in
586 1245 750 1320 cathedra
781 1273 959 1346 exponere
981 1246 1111 1337 vellet,
1128 1245 1255 1334 litteris

113 1423 120 1432 κ
219 1363 300 1413 ante
315 1343 518 1415 mandandi.
538 1347 616 1432 Qua
631 1344 685 1418 via
702 1365 738 1418 et
752 1366 887 1418 ratione
902 1346 940 1418 id
957 1372 994 1418 se
1011 1355 1255 1440 consequutu-

218 1441 473 1538 computabat,
493 1443 590 1539 quod
607 1463 848 1540 consequutus
865 1469 1008 1542 quoque
1027 1463 1105 1534 est,
1123 1462 1164 1514 ut
1185 1443 1253 1516 rite

219 1539 378 1611 ordinata
392 1539 631 1638 dispositaque
643 1543 761 1614 omnia
775 1565 892 1615 essent
907 1598 916 1632 ,
933 1569 1012 1638 quae
1021 1541 1153 1614 docere
1171 1541 1254 1618 vel-

217 1636 289 1728 let,
308 1635 348 1709 ut
365 1639 464 1711 filum
481 1639 715 1712 dicendorum
731 1641 876 1712 haberet
895 1667 935 1712 ac
949 1666 1107 1712 normam
1119 1695 1130 1734 ,
1142 1667 1163 1710 a
1181 1665 1255 1736 qua

121 1819 124 1826 ‚
218 1761 294 1808 non
314 1737 415 1808 facile
434 1737 650 1830 deflectere,
671 1759 798 1834 atque,
822 1739 875 1809 uti
895 1767 914 1809 a
936 1738 1056 1810 multis
1079 1737 1254 1834 magistris

105 1908 109 1918 ,
216 1835 273 1907 vel
292 1835 469 1910 incuriose
487 1864 528 1908 ac
545 1837 760 1909 immeditate
777 1836 1044 1923 differentibus,
1066 1836 1122 1910 vel
1138 1837 1253 1907 luxu-

215 1932 330 2006 riandi
348 1927 486 2030 pruritu
500 1940 637 2033 perque
654 1934 862 2008 eruditionis
880 1935 1152 2006 ostentationem
1170 1933 1253 2007 fieri

216 2033 542 2122 animadvertimus,
560 2053 658 2106 extra
676 2032 771 2105 oleas
786 2033 900 2130 vagari
917 2053 1046 2128 posset.
1060 2033 1117 2104 Sic
1130 2031 1253 2106 ordini
1348 2095 1349 2098 ,

133 2148 137 2159 ‘
215 2131 407 2221 serviebat,
426 2157 568 2228 unaque
584 2131 765 2204 memoriae
782 2129 1002 2202 consulebat.

265 2329 327 2400 Sic,
344 2325 440 2400 enim
455 2335 602 2425 'semper
623 2328 771 2418 habuit,
797 2327 953 2402 officium
979 2328 1066 2400 honi
1090 2327 1253 2402 doctoris

213 2453 290 2498 esse
308 2483 317 2515 ,
336 2452 532 2522 numquam
553 2427 621 2498 nisi
642 2427 733 2499 bene
758 2449 951 2524 praeparato
978 2427 1095 2498 animo
1119 2426 1252 2498 catbe-
1327 2447 1328 2452 ’

213 2526 313 2596 dram
330 2523 560 2598 adscendere.
580 2530 696 2623 Vaga,
718 2525 871 2613 incerta,
891 2528 1038 2598 confusa
1054 2551 1153 2614 esse,
1167 2550 1253 2621 quaa
1278 2573 1281 2580 ,

212 2623 287 2694 sine
315 2622 542 2696 meditatione
566 2651 606 2696 ac
628 2623 725 2696 velut
748 2623 940 2722 indigesta,
960 2643 996 2696 et
1014 2643 1119 2721 prout
1140 2623 1252 2696 verba

209 2723 388 2807 fluerent,
410 2722 625 2794 dicerentur.
644 2721 826 2794 Memoriae
846 2748 989 2819 quoque
1003 2741 1085 2794 utut
1097 2721 1254 2795 tenacis-

211 2822 307 2895 simae
332 2847 373 2891 ac
399 2819 611 2892 fidelissimae
635 2847 709 2892 non
734 2841 810 2893 tuto
832 2821 917 2908 fidi,
937 2819 1173 2916 facillimeque
1199 2848 1250 2898 ex

208 2919 327 2996 animo
343 2922 487 3014 fugere,
506 2946 585 3017 quae
600 2917 751 2990 dicenda
769 2940 873 3008 sunt,
894 2919 1079 3014 omittique
1097 2943 1171 2990 non
1188 2918 1250 2992 de·

207 3017 314 3108 beot,
329 3017 397 3090 nisi
440 3018 532 3107 rius,
550 3045 633 3114 quae,
642 3017 773 3090 docere
787 3017 894 3110 velis,
916 3017 1045 3090 iterum
1059 3016 1159 3113 quasi
1173 3015 1249 3090 dis-

208 3144 289 3208 cas,
311 3141 352 3188 ac
369 3045 466 3190 vellit
482 3117 520 3188 in
538 3137 722 3189 numerato
741 3115 882 3192 habeas.
902 3119 1020 3208 Quem
1044 3113 1152 3187 finem
1171 3140 1248 3228 quo

207 3215 339 3289 certius
358 3217 539 3312 tutiusque
564 3213 840 3312 adsequeretur,
859 3235 995 3290 tantum
1010 3240 1084 3288 non
1101 3240 1244 3308 omma,

122 3372 124 3380 .
207 3341 287 3410 qnae
316 3313 454 3386 tradere
481 3315 620 3406 vellet,
650 3314 775 3388 litteris
801 3315 1007 3413 consignare
1039 3312 1239 3386 consuevit.

207 3413 300 3486 Huic
319 3413 437 3510 itaque
454 3413 618 3488 sollertiae
634 3441 676 3486 ac
694 3441 823 3490 severae
843 3414 876 3486 le
900 3417 913 3485 i
928 3413 1100 3489 dehemus
1114 3433 1243 3511 praeter
1348 3465 1349 3494 1

206 3511 290 3600 has,
311 3539 397 3609 quas
421 3512 491 3612 jam
509 3513 608 3588 vobis
630 3513 668 3590 in
688 3540 811 3586 manus
827 3444 952 3601 traho,
982 3515 1239 3600 enarrationes,
1310 3559 1312 3564 ·
1348 3577 1349 3580 ,

203 3611 451 3710 praelectiones
471 3611 509 3684 in
533 3615 775 3702 GROTIUM,
801 3613 1181 3702 PUFENDORFIUM
1204 3629 1243 3681 et

204 3717 380 3784 historiam
389 3718 675 3812 philosophicam,
694 3714 764 3812 jam
776 3711 915 3812 pridem
927 3711 1008 3785 luce
1019 3707 1161 3809 publica
1173 3707 1242 3780 dt)-

204 3832 315 3884 natas.
