<?xml version="1.0" encoding="UTF-8"?>
<!DOCTYPE html PUBLIC "-//W3C//DTD XHTML 1.0 Transitional//EN"
    "http://www.w3.org/TR/xhtml1/DTD/xhtml1-transitional.dtd">
<html xmlns="http://www.w3.org/1999/xhtml" xml:lang="en" lang="en">
 <head>
  <title>
</title>
<meta http-equiv="Content-Type" content="text/html;charset=utf-8" />
  <meta name='ocr-system' content='tesseract 3.04.00' />
  <meta name='ocr-capabilities' content='ocr_page ocr_carea ocr_par ocr_line ocrx_word'/>
</head>
<body>
  <div class='ocr_page' id='page_1' title='image "./recitationesine00heingoog_0163.png"; bbox 0 0 2646 4496; ppageno 0'>
   <div class='ocr_carea' id='block_1_1' title="bbox 262 319 1024 402">
    <p class='ocr_par' dir='ltr' id='par_1_1' title="bbox 262 319 1024 402">
     <span class='ocr_line' id='line_1_1' title="bbox 262 319 1024 402; baseline -0.005 -10"><span class='ocrx_word' id='word_1_1' title='bbox 262 324 329 392; x_wconf 77' lang='lat'><strong>256</strong></span> <span class='ocrx_word' id='word_1_2' title='bbox 531 319 702 388; x_wconf 84' lang='lat' dir='ltr'>LIBER</span> <span class='ocrx_word' id='word_1_3' title='bbox 727 321 766 402; x_wconf 91' lang='lat' dir='ltr'><strong>I,</strong></span> <span class='ocrx_word' id='word_1_4' title='bbox 791 323 900 388; x_wconf 86' lang='lat' dir='ltr'>TIT.</span> <span class='ocrx_word' id='word_1_5' title='bbox 928 321 1024 390; x_wconf 85' lang='lat' dir='ltr'><strong>XV.</strong></span> 
     </span>
    </p>
   </div>
   <div class='ocr_carea' id='block_1_2' title="bbox 147 430 1310 3914">
    <p class='ocr_par' dir='ltr' id='par_1_2' title="bbox 257 430 1310 1948">
     <span class='ocr_line' id='line_1_2' title="bbox 259 430 1271 521; baseline -0.004 -23"><span class='ocrx_word' id='word_1_6' title='bbox 259 430 465 521; x_wconf 81' lang='lat' dir='ltr'><strong>quadruplex</strong></span> <span class='ocrx_word' id='word_1_7' title='bbox 478 441 544 494; x_wconf 83' lang='lat' dir='ltr'><strong>est:</strong></span> <span class='ocrx_word' id='word_1_8' title='bbox 559 430 633 498; x_wconf 83' lang='lat' dir='ltr'><strong>Lex</strong></span> <span class='ocrx_word' id='word_1_9' title='bbox 645 431 735 495; x_wconf 90' lang='lat' dir='ltr'><strong>enim</strong></span> <span class='ocrx_word' id='word_1_10' title='bbox 745 431 788 496; x_wconf 89' lang='lat' dir='ltr'><strong>ad</strong></span> <span class='ocrx_word' id='word_1_11' title='bbox 799 431 935 496; x_wconf 87' lang='lat' dir='ltr'><strong>tutelam</strong></span> <span class='ocrx_word' id='word_1_12' title='bbox 949 443 1044 497; x_wconf 86' lang='lat' dir='ltr'><strong>vocat</strong></span> <span class='ocrx_word' id='word_1_13' title='bbox 1059 433 1271 519; x_wconf 72' lang='lat' dir='ltr'><strong>1⁰.prosimo.r</strong></span> 
     </span>
     <span class='ocr_line' id='line_1_3' title="bbox 260 521 1271 612; baseline -0.002 -26"><span class='ocrx_word' id='word_1_14' title='bbox 260 533 427 612; x_wconf 53' lang='lat' dir='ltr'><strong>qnater,</strong></span> <span class='ocrx_word' id='word_1_15' title='bbox 447 521 535 586; x_wconf 91' lang='lat' dir='ltr'><strong>unde</strong></span> <span class='ocrx_word' id='word_1_16' title='bbox 555 522 619 586; x_wconf 87' lang='lat' dir='ltr'><strong>hcc</strong></span> <span class='ocrx_word' id='word_1_17' title='bbox 637 521 733 585; x_wconf 89' lang='lat' dir='ltr'><strong>titulo</strong></span> <span class='ocrx_word' id='word_1_18' title='bbox 752 521 794 584; x_wconf 87' lang='lat' dir='ltr'><strong>de</strong></span> <span class='ocrx_word' id='word_1_19' title='bbox 809 521 954 607; x_wconf 84' lang='lat' dir='ltr'><strong>legitima</strong></span> <span class='ocrx_word' id='word_1_20' title='bbox 974 531 1165 607; x_wconf 75' lang='lat' dir='ltr'><strong>agnatorum</strong></span> <span class='ocrx_word' id='word_1_21' title='bbox 1185 523 1271 584; x_wconf 85' lang='lat' dir='ltr'><strong>tutela</strong></span> 
     </span>
     <span class='ocr_line' id='line_1_4' title="bbox 261 609 1274 698; baseline -0.002 -24"><span class='ocrx_word' id='word_1_22' title='bbox 261 613 387 698; x_wconf 79' lang='lat' dir='ltr'><strong>agitur3</strong></span> <span class='ocrx_word' id='word_1_23' title='bbox 410 616 456 673; x_wconf 83' lang='lat'><strong>2⁰.</strong></span> <span class='ocrx_word' id='word_1_24' title='bbox 475 619 641 696; x_wconf 82' lang='lat' dir='ltr'><strong>patronos</strong></span> <span class='ocrx_word' id='word_1_25' title='bbox 661 612 702 674; x_wconf 89' lang='lat' dir='ltr'><strong>ad</strong></span> <span class='ocrx_word' id='word_1_26' title='bbox 718 611 856 674; x_wconf 86' lang='lat' dir='ltr'><strong>tutelam</strong></span> <span class='ocrx_word' id='word_1_27' title='bbox 873 609 1088 688; x_wconf 70' lang='lat' dir='ltr'><strong>libertorum</strong></span> <span class='ocrx_word' id='word_1_28' title='bbox 1106 609 1187 676; x_wconf 89' lang='lat' dir='ltr'><strong>unde</strong></span> <span class='ocrx_word' id='word_1_29' title='bbox 1203 610 1274 694; x_wconf 84' lang='lat' dir='ltr'><strong>Iegi-</strong></span> 
     </span>
     <span class='ocr_line' id='line_1_5' title="bbox 257 699 1273 788; baseline -0.003 -24"><span class='ocrx_word' id='word_1_30' title='bbox 257 700 342 764; x_wconf 86' lang='lat' dir='ltr'><strong>tima</strong></span> <span class='ocrx_word' id='word_1_31' title='bbox 360 711 576 788; x_wconf 88' lang='lat' dir='ltr'><strong>patronorum</strong></span> <span class='ocrx_word' id='word_1_32' title='bbox 591 699 710 779; x_wconf 87' lang='lat' dir='ltr'><strong>tutela,</strong></span> <span class='ocrx_word' id='word_1_33' title='bbox 729 699 769 764; x_wconf 92' lang='lat' dir='ltr'><strong>de</strong></span> <span class='ocrx_word' id='word_1_34' title='bbox 788 721 853 786; x_wconf 89' lang='lat' dir='ltr'><strong>qua</strong></span> <span class='ocrx_word' id='word_1_35' title='bbox 872 701 921 764; x_wconf 79' lang='lat' dir='ltr'><strong>tit.</strong></span> <span class='ocrx_word' id='word_1_36' title='bbox 942 700 1068 780; x_wconf 76' lang='lat' dir='ltr'>XV113</span> <span class='ocrx_word' id='word_1_37' title='bbox 1089 700 1134 764; x_wconf 74' lang='lat'><strong>3⁰.</strong></span> <span class='ocrx_word' id='word_1_38' title='bbox 1147 711 1273 786; x_wconf 82' lang='lat' dir='ltr'><strong>putrem</strong></span> 
     </span>
     <span class='ocr_line' id='line_1_6' title="bbox 260 786 1310 880; baseline -0.002 -27"><span class='ocrx_word' id='word_1_39' title='bbox 260 789 303 854; x_wconf 82' lang='lat' dir='ltr'><strong>ad</strong></span> <span class='ocrx_word' id='word_1_40' title='bbox 321 788 456 852; x_wconf 83' lang='lat' dir='ltr'><strong>tutelam</strong></span> <span class='ocrx_word' id='word_1_41' title='bbox 477 786 535 852; x_wconf 90' lang='lat' dir='ltr'><strong>filii</strong></span> <span class='ocrx_word' id='word_1_42' title='bbox 550 787 757 876; x_wconf 87' lang='lat' dir='ltr'><strong>emancipati.</strong></span> <span class='ocrx_word' id='word_1_43' title='bbox 781 791 863 852; x_wconf 82' lang='lat' dir='ltr'><strong>Haec</strong></span> <span class='ocrx_word' id='word_1_44' title='bbox 885 799 932 854; x_wconf 90' lang='lat' dir='ltr'><strong>est</strong></span> <span class='ocrx_word' id='word_1_45' title='bbox 950 789 1095 876; x_wconf 85' lang='lat' dir='ltr'><strong>legitima</strong></span> <span class='ocrx_word' id='word_1_46' title='bbox 1112 799 1271 880; x_wconf 88' lang='lat' dir='ltr'><strong>pareutum</strong></span> <span class='ocrx_word' id='word_1_47' title='bbox 1309 807 1310 818; x_wconf 60' lang='lat'>¹</span> 
     </span>
     <span class='ocr_line' id='line_1_7' title="bbox 261 873 1292 966; baseline -0.001 -26"><span class='ocrx_word' id='word_1_48' title='bbox 261 878 381 958; x_wconf 85' lang='lat' dir='ltr'><strong>tutela,</strong></span> <span class='ocrx_word' id='word_1_49' title='bbox 393 877 433 941; x_wconf 89' lang='lat' dir='ltr'><strong>de</strong></span> <span class='ocrx_word' id='word_1_50' title='bbox 447 877 573 964; x_wconf 86' lang='lat' dir='ltr'><strong>quatit.</strong></span> <span class='ocrx_word' id='word_1_51' title='bbox 593 876 731 944; x_wconf 86' lang='lat' dir='ltr'>XVIII.</span> <span class='ocrx_word' id='word_1_52' title='bbox 745 877 895 964; x_wconf 85' lang='lat' dir='ltr'><strong>Denique</strong></span> <span class='ocrx_word' id='word_1_53' title='bbox 907 879 1113 966; x_wconf 79' lang='lat' dir='ltr'><strong>4⁰.frcttrem</strong></span> <span class='ocrx_word' id='word_1_54' title='bbox 1129 877 1170 941; x_wconf 81' lang='lat' dir='ltr'><strong>ad</strong></span> <span class='ocrx_word' id='word_1_55' title='bbox 1180 873 1273 943; x_wconf 78' lang='lat' dir='ltr'><strong>botris</strong></span> <span class='ocrx_word' id='word_1_56' title='bbox 1288 955 1292 963; x_wconf 23' lang='grc' dir='ltr'>ι</span> 
     </span>
     <span class='ocr_line' id='line_1_8' title="bbox 260 964 1273 1055; baseline -0.003 -23"><span class='ocrx_word' id='word_1_57' title='bbox 260 966 438 1055; x_wconf 77' lang='lat' dir='ltr'>impuberis</span> <span class='ocrx_word' id='word_1_58' title='bbox 466 964 663 1054; x_wconf 86' lang='lat' dir='ltr'><strong>emancipati</strong></span> <span class='ocrx_word' id='word_1_59' title='bbox 687 967 834 1031; x_wconf 86' lang='lat' dir='ltr'><strong>tutelam.</strong></span> <span class='ocrx_word' id='word_1_60' title='bbox 856 967 938 1032; x_wconf 82' lang='lat' dir='ltr'><strong>Haec</strong></span> <span class='ocrx_word' id='word_1_61' title='bbox 963 967 1084 1032; x_wconf 87' lang='lat' dir='ltr'><strong>dicitur</strong></span> <span class='ocrx_word' id='word_1_62' title='bbox 1106 966 1273 1030; x_wconf 85' lang='lat' dir='ltr'><strong>Fiduciaria</strong></span> 
     </span>
     <span class='ocr_line' id='line_1_9' title="bbox 262 1054 1310 1144; baseline -0.003 -24"><span class='ocrx_word' id='word_1_63' title='bbox 262 1056 383 1136; x_wconf 86' lang='lat' dir='ltr'><strong>tutela,</strong></span> <span class='ocrx_word' id='word_1_64' title='bbox 408 1055 448 1120; x_wconf 89' lang='lat' dir='ltr'><strong>de</strong></span> <span class='ocrx_word' id='word_1_65' title='bbox 472 1077 536 1142; x_wconf 87' lang='lat' dir='ltr'><strong>qua</strong></span> <span class='ocrx_word' id='word_1_66' title='bbox 557 1055 607 1118; x_wconf 86' lang='lat' dir='ltr'><strong>tit.</strong></span> <span class='ocrx_word' id='word_1_67' title='bbox 633 1054 737 1120; x_wconf 88' lang='lat' dir='ltr'>XIX.</span> <span class='ocrx_word' id='word_1_68' title='bbox 754 1057 836 1120; x_wconf 81' lang='lat' dir='ltr'><strong>Tres</strong></span> <span class='ocrx_word' id='word_1_69' title='bbox 851 1057 1040 1144; x_wconf 78' lang='lat' dir='ltr'>posteriores</span> <span class='ocrx_word' id='word_1_70' title='bbox 1060 1055 1177 1144; x_wconf 85' lang='lat' dir='ltr'><strong>species</strong></span> <span class='ocrx_word' id='word_1_71' title='bbox 1193 1055 1273 1120; x_wconf 84' lang='lat' dir='ltr'><strong>hodie</strong></span> <span class='ocrx_word' id='word_1_72' title='bbox 1306 1085 1310 1098; x_wconf 89' lang='lat'><strong>·</strong></span> 
     </span>
     <span class='ocr_line' id='line_1_10' title="bbox 261 1143 1273 1233; baseline -0.006 -21"><span class='ocrx_word' id='word_1_73' title='bbox 261 1155 356 1212; x_wconf 81' lang='lat' dir='ltr'><strong>extra</strong></span> <span class='ocrx_word' id='word_1_74' title='bbox 381 1166 478 1208; x_wconf 80' lang='lat' dir='ltr'><strong>mum</strong></span> <span class='ocrx_word' id='word_1_75' title='bbox 499 1153 599 1208; x_wconf 84' lang='lat' dir='ltr'><strong>sunt:</strong></span> <span class='ocrx_word' id='word_1_76' title='bbox 622 1143 728 1233; x_wconf 86' lang='lat' dir='ltr'><strong>prima</strong></span> <span class='ocrx_word' id='word_1_77' title='bbox 748 1143 857 1210; x_wconf 87' lang='lat' dir='ltr'><strong>adbuc</strong></span> <span class='ocrx_word' id='word_1_78' title='bbox 885 1145 1006 1232; x_wconf 90' lang='lat' dir='ltr'><strong>ubique</strong></span> <span class='ocrx_word' id='word_1_79' title='bbox 1029 1147 1133 1230; x_wconf 82' lang='lat' dir='ltr'><strong>riget,</strong></span> <span class='ocrx_word' id='word_1_80' title='bbox 1156 1144 1273 1210; x_wconf 84' lang='lat' dir='ltr'><strong>ethico</strong></span> 
     </span>
     <span class='ocr_line' id='line_1_11' title="bbox 261 1232 1272 1322; baseline -0.001 -24"><span class='ocrx_word' id='word_1_81' title='bbox 261 1232 476 1322; x_wconf 84' lang='lat' dir='ltr'><strong>expendenda</strong></span> <span class='ocrx_word' id='word_1_82' title='bbox 500 1232 611 1321; x_wconf 86' lang='lat' dir='ltr'><strong>paullo</strong></span> <span class='ocrx_word' id='word_1_83' title='bbox 636 1234 828 1299; x_wconf 70' lang='lat' dir='ltr'><strong>accuratius.</strong></span> <span class='ocrx_word' id='word_1_84' title='bbox 855 1234 985 1300; x_wconf 76' lang='lat' dir='ltr'><strong>[ocum</strong></span> <span class='ocrx_word' id='word_1_85' title='bbox 1009 1235 1106 1299; x_wconf 85' lang='lat' dir='ltr'><strong>habet</strong></span> <span class='ocrx_word' id='word_1_86' title='bbox 1135 1233 1272 1322; x_wconf 76' lang='lat' dir='ltr'><strong>legitima</strong></span> 
     </span>
     <span class='ocr_line' id='line_1_12' title="bbox 261 1323 1272 1410; baseline -0.005 -20"><span class='ocrx_word' id='word_1_87' title='bbox 261 1325 334 1390; x_wconf 71' lang='lat' dir='ltr'><strong>tce</strong></span> <span class='ocrx_word' id='word_1_88' title='bbox 342 1332 553 1410; x_wconf 79' lang='lat' dir='ltr'><strong>agnatorum</strong></span> <span class='ocrx_word' id='word_1_89' title='bbox 561 1323 669 1388; x_wconf 84' lang='lat' dir='ltr'><strong>tutela</strong></span> <span class='ocrx_word' id='word_1_90' title='bbox 671 1373 683 1402; x_wconf 92' lang='lat'><em>‚</em></span> <span class='ocrx_word' id='word_1_91' title='bbox 693 1323 720 1388; x_wconf 89' lang='lat' dir='ltr'><strong>si</strong></span> <span class='ocrx_word' id='word_1_92' title='bbox 730 1333 822 1410; x_wconf 84' lang='lat' dir='ltr'><strong>pater</strong></span> <span class='ocrx_word' id='word_1_93' title='bbox 830 1324 995 1388; x_wconf 83' lang='lat' dir='ltr'><strong>intestatus</strong></span> <span class='ocrx_word' id='word_1_94' title='bbox 1003 1323 1146 1388; x_wconf 73' lang='lat' dir='ltr'><strong>decessit.</strong></span> <span class='ocrx_word' id='word_1_95' title='bbox 1159 1323 1272 1405; x_wconf 82' lang='lat' dir='ltr'><strong>Quam·</strong></span> 
     </span>
     <span class='ocr_line' id='line_1_13' title="bbox 261 1411 1273 1502; baseline -0.005 -24"><span class='ocrx_word' id='word_1_96' title='bbox 261 1411 323 1478; x_wconf 79' lang='lat' dir='ltr'><strong>dtu</strong></span> <span class='ocrx_word' id='word_1_97' title='bbox 333 1412 427 1478; x_wconf 82' lang='lat' dir='ltr'><strong>euim</strong></span> <span class='ocrx_word' id='word_1_98' title='bbox 438 1435 479 1476; x_wconf 71' lang='lat' dir='ltr'><strong>ex</strong></span> <span class='ocrx_word' id='word_1_99' title='bbox 491 1419 691 1476; x_wconf 70' lang='lat' dir='ltr'><strong>testamento</strong></span> <span class='ocrx_word' id='word_1_100' title='bbox 705 1422 799 1478; x_wconf 83' lang='lat' dir='ltr'><strong>tutor</strong></span> <span class='ocrx_word' id='word_1_101' title='bbox 809 1422 875 1491; x_wconf 82' lang='lat' dir='ltr'><strong>ert,</strong></span> <span class='ocrx_word' id='word_1_102' title='bbox 891 1412 1067 1502; x_wconf 78' lang='lat' dir='ltr'><strong>legitimus</strong></span> <span class='ocrx_word' id='word_1_103' title='bbox 1081 1435 1151 1477; x_wconf 84' lang='lat' dir='ltr'><strong>non</strong></span> <span class='ocrx_word' id='word_1_104' title='bbox 1164 1412 1273 1476; x_wconf 81' lang='lat' dir='ltr'><strong>admit-</strong></span> 
     </span>
     <span class='ocr_line' id='line_1_14' title="bbox 261 1498 1273 1604; baseline -0.006 -36"><span class='ocrx_word' id='word_1_105' title='bbox 261 1504 359 1568; x_wconf 79' lang='lat' dir='ltr'><strong>titur.</strong></span> <span class='ocrx_word' id='word_1_106' title='bbox 382 1501 413 1586; x_wconf 83' lang='lat'><strong>§.</strong></span> <span class='ocrx_word' id='word_1_107' title='bbox 438 1498 514 1565; x_wconf 75' lang='lat'><strong>214.</strong></span> <span class='ocrx_word' id='word_1_108' title='bbox 536 1500 602 1566; x_wconf 85' lang='lat' dir='ltr'><strong>Ast</strong></span> <span class='ocrx_word' id='word_1_109' title='bbox 619 1501 817 1581; x_wconf 87' lang='lat' dir='ltr'><strong>admittitur,</strong></span> <span class='ocrx_word' id='word_1_110' title='bbox 836 1502 863 1565; x_wconf 92' lang='lat' dir='ltr'><strong>si</strong></span> <span class='ocrx_word' id='word_1_111' title='bbox 877 1501 1045 1568; x_wconf 85' lang='lat' dir='ltr'><strong>intestatus</strong></span> <span class='ocrx_word' id='word_1_112' title='bbox 1062 1501 1181 1604; x_wconf 76' lang='lat' dir='ltr'><strong>pupilli</strong></span> <span class='ocrx_word' id='word_1_113' title='bbox 1197 1510 1273 1589; x_wconf 84' lang='lat' dir='ltr'><strong>pater</strong></span> 
     </span>
     <span class='ocr_line' id='line_1_15' title="bbox 260 1589 1272 1679; baseline -0.004 -23"><span class='ocrx_word' id='word_1_114' title='bbox 260 1589 401 1658; x_wconf 78' lang='lat' dir='ltr'><strong>decessit.</strong></span> <span class='ocrx_word' id='word_1_115' title='bbox 417 1589 589 1654; x_wconf 84' lang='lat' dir='ltr'><strong>Intestatus</strong></span> <span class='ocrx_word' id='word_1_116' title='bbox 603 1601 713 1654; x_wconf 81' lang='lat' dir='ltr'><strong>autem</strong></span> <span class='ocrx_word' id='word_1_117' title='bbox 727 1591 761 1655; x_wconf 87' lang='lat' dir='ltr'><strong>iu</strong></span> <span class='ocrx_word' id='word_1_118' title='bbox 776 1591 809 1654; x_wconf 90' lang='lat' dir='ltr'><strong>h.</strong></span> <span class='ocrx_word' id='word_1_119' title='bbox 829 1602 853 1655; x_wconf 87' lang='lat' dir='ltr'><strong>t.</strong></span> <span class='ocrx_word' id='word_1_120' title='bbox 868 1590 987 1656; x_wconf 90' lang='lat' dir='ltr'><strong>dicitur</strong></span> <span class='ocrx_word' id='word_1_121' title='bbox 1000 1592 1165 1658; x_wconf 61' lang='lat' dir='ltr'><strong>decessum</strong></span> <span class='ocrx_word' id='word_1_122' title='bbox 1179 1601 1272 1679; x_wconf 85' lang='lat' dir='ltr'><strong>pater,</strong></span> 
     </span>
     <span class='ocr_line' id='line_1_16' title="bbox 262 1677 1272 1768; baseline -0.005 -22"><span class='ocrx_word' id='word_1_123' title='bbox 262 1690 312 1746; x_wconf 77' lang='lat'><strong>1⁰.</strong></span> <span class='ocrx_word' id='word_1_124' title='bbox 330 1679 357 1744; x_wconf 89' lang='lat' dir='ltr'><strong>si</strong></span> <span class='ocrx_word' id='word_1_125' title='bbox 374 1679 472 1768; x_wconf 86' lang='lat' dir='ltr'><strong>plane</strong></span> <span class='ocrx_word' id='word_1_126' title='bbox 489 1688 720 1744; x_wconf 85' lang='lat' dir='ltr'><strong>testamentum</strong></span> <span class='ocrx_word' id='word_1_127' title='bbox 739 1701 807 1744; x_wconf 91' lang='lat' dir='ltr'><strong>non</strong></span> <span class='ocrx_word' id='word_1_128' title='bbox 823 1678 921 1759; x_wconf 75' lang='lat' dir='ltr'><strong>tecit3</strong></span> <span class='ocrx_word' id='word_1_129' title='bbox 937 1682 983 1746; x_wconf 69' lang='lat'><strong>¹1⁰.</strong></span> <span class='ocrx_word' id='word_1_130' title='bbox 1000 1681 1027 1745; x_wconf 93' lang='lat' dir='ltr'><strong>si</strong></span> <span class='ocrx_word' id='word_1_131' title='bbox 1046 1677 1123 1746; x_wconf 81' lang='lat' dir='ltr'><strong>fecit</strong></span> <span class='ocrx_word' id='word_1_132' title='bbox 1140 1679 1272 1766; x_wconf 88' lang='lat' dir='ltr'><strong>quidem,</strong></span> 
     </span>
     <span class='ocr_line' id='line_1_17' title="bbox 257 1768 1272 1858; baseline -0.006 -23"><span class='ocrx_word' id='word_1_133' title='bbox 257 1768 314 1835; x_wconf 87' lang='lat' dir='ltr'><strong>sed</strong></span> <span class='ocrx_word' id='word_1_134' title='bbox 326 1769 362 1834; x_wconf 91' lang='lat' dir='ltr'><strong>in</strong></span> <span class='ocrx_word' id='word_1_135' title='bbox 374 1789 414 1834; x_wconf 86' lang='lat' dir='ltr'><strong>eo</strong></span> <span class='ocrx_word' id='word_1_136' title='bbox 428 1768 468 1833; x_wconf 89' lang='lat' dir='ltr'><strong>de</strong></span> <span class='ocrx_word' id='word_1_137' title='bbox 482 1769 583 1834; x_wconf 86' lang='lat' dir='ltr'><strong>tutela</strong></span> <span class='ocrx_word' id='word_1_138' title='bbox 598 1769 682 1832; x_wconf 85' lang='lat' dir='ltr'><strong>nihil</strong></span> <span class='ocrx_word' id='word_1_139' title='bbox 698 1768 869 1858; x_wconf 84' lang='lat' dir='ltr'><strong>disposuit,</strong></span> <span class='ocrx_word' id='word_1_140' title='bbox 883 1770 913 1854; x_wconf 96' lang='grc'><strong>5.</strong></span> <span class='ocrx_word' id='word_1_141' title='bbox 934 1793 973 1848; x_wconf 83' lang='lat'><strong>2,</strong></span> <span class='ocrx_word' id='word_1_142' title='bbox 987 1770 1079 1834; x_wconf 77' lang='lat' dir='ltr'><strong>Inst-</strong></span> <span class='ocrx_word' id='word_1_143' title='bbox 1095 1771 1131 1834; x_wconf 79' lang='lat' dir='ltr'><strong>h.</strong></span> <span class='ocrx_word' id='word_1_144' title='bbox 1147 1782 1172 1834; x_wconf 83' lang='lat' dir='ltr'><strong>t.</strong></span> <span class='ocrx_word' id='word_1_145' title='bbox 1188 1768 1272 1833; x_wconf 88' lang='lat' dir='ltr'><strong>Utro·</strong></span> 
     </span>
     <span class='ocr_line' id='line_1_18' title="bbox 257 1857 1268 1948; baseline -0.007 -24"><span class='ocrx_word' id='word_1_146' title='bbox 257 1881 322 1948; x_wconf 87' lang='lat' dir='ltr'><strong>que</strong></span> <span class='ocrx_word' id='word_1_147' title='bbox 341 1880 420 1943; x_wconf 84' lang='lat' dir='ltr'><strong>ergo</strong></span> <span class='ocrx_word' id='word_1_148' title='bbox 438 1879 516 1922; x_wconf 87' lang='lat' dir='ltr'><strong>casu</strong></span> <span class='ocrx_word' id='word_1_149' title='bbox 535 1858 688 1946; x_wconf 72' lang='lat' dir='ltr'><strong>legitime</strong></span> <span class='ocrx_word' id='word_1_150' title='bbox 708 1859 816 1924; x_wconf 78' lang='lat' dir='ltr'><strong>tutelae</strong></span> <span class='ocrx_word' id='word_1_151' title='bbox 835 1859 924 1922; x_wconf 88' lang='lat' dir='ltr'><strong>Iocus</strong></span> <span class='ocrx_word' id='word_1_152' title='bbox 946 1869 1003 1924; x_wconf 88' lang='lat' dir='ltr'><strong>est.</strong></span> <span class='ocrx_word' id='word_1_153' title='bbox 1024 1857 1089 1923; x_wconf 86' lang='lat' dir='ltr'><strong>Sed</strong></span> <span class='ocrx_word' id='word_1_154' title='bbox 1108 1857 1268 1944; x_wconf 84' lang='lat' dir='ltr'><strong>quaeritur:</strong></span> 
     </span>
    </p>

    <p class='ocr_par' dir='ltr' id='par_1_3' title="bbox 189 1944 1271 2214">
     <span class='ocr_line' id='line_1_19' title="bbox 189 1944 1270 2032; baseline -0.006 -19"><span class='ocrx_word' id='word_1_155' title='bbox 189 1965 192 1972; x_wconf 86' lang='grc'><strong>’</strong></span> <span class='ocrx_word' id='word_1_156' title='bbox 258 1949 345 2027; x_wconf 88' lang='lat' dir='ltr'><strong>Cur,</strong></span> <span class='ocrx_word' id='word_1_157' title='bbox 370 1970 437 2012; x_wconf 90' lang='lat' dir='ltr'><strong>non</strong></span> <span class='ocrx_word' id='word_1_158' title='bbox 458 1947 614 2012; x_wconf 76' lang='lat' dir='ltr'><strong>existente</strong></span> <span class='ocrx_word' id='word_1_159' title='bbox 638 1959 745 2012; x_wconf 77' lang='lat' dir='ltr'><strong>tutore</strong></span> <span class='ocrx_word' id='word_1_160' title='bbox 768 1948 1024 2028; x_wconf 79' lang='lat' dir='ltr'><strong>testamentario,</strong></span> <span class='ocrx_word' id='word_1_161' title='bbox 1051 1947 1212 2032; x_wconf 83' lang='lat' dir='ltr'><strong>legitimus</strong></span> <span class='ocrx_word' id='word_1_162' title='bbox 1230 1944 1270 2010; x_wconf 86' lang='lat' dir='ltr'><strong>vet</strong></span> 
     </span>
     <span class='ocr_line' id='line_1_20' title="bbox 257 2033 1271 2126; baseline -0.007 -24"><span class='ocrx_word' id='word_1_163' title='bbox 257 2048 396 2124; x_wconf 77' lang='lat' dir='ltr'><strong>agnatus</strong></span> <span class='ocrx_word' id='word_1_164' title='bbox 410 2047 499 2102; x_wconf 88' lang='lat' dir='ltr'><strong>tutor</strong></span> <span class='ocrx_word' id='word_1_165' title='bbox 510 2036 592 2102; x_wconf 68' lang='lat' dir='ltr'><strong>fiat?</strong></span> <span class='ocrx_word' id='word_1_166' title='bbox 607 2037 659 2102; x_wconf 85' lang='lat' dir='ltr'><strong>Ex</strong></span> <span class='ocrx_word' id='word_1_167' title='bbox 670 2048 781 2102; x_wconf 81' lang='lat' dir='ltr'><strong>nostro</strong></span> <span class='ocrx_word' id='word_1_168' title='bbox 795 2037 957 2126; x_wconf 82' lang='lat' dir='ltr'><strong>principio</strong></span> <span class='ocrx_word' id='word_1_169' title='bbox 970 2038 1003 2122; x_wconf 86' lang='grc'><strong>5.</strong></span> <span class='ocrx_word' id='word_1_170' title='bbox 1019 2035 1166 2102; x_wconf 81' lang='lat' dir='ltr'>CCVIII</span> <span class='ocrx_word' id='word_1_171' title='bbox 1181 2033 1271 2122; x_wconf 84' lang='lat' dir='ltr'><strong>expli-</strong></span> 
     </span>
     <span class='ocr_line' id='line_1_21' title="bbox 258 2124 1270 2214; baseline -0.006 -23"><span class='ocrx_word' id='word_1_172' title='bbox 258 2139 332 2192; x_wconf 87' lang='lat' dir='ltr'><strong>cato</strong></span> <span class='ocrx_word' id='word_1_173' title='bbox 351 2148 399 2190; x_wconf 86' lang='lat' dir='ltr'><strong>res</strong></span> <span class='ocrx_word' id='word_1_174' title='bbox 415 2124 509 2190; x_wconf 87' lang='lat' dir='ltr'><strong>facile</strong></span> <span class='ocrx_word' id='word_1_175' title='bbox 527 2125 646 2214; x_wconf 89' lang='lat' dir='ltr'><strong>poterit</strong></span> <span class='ocrx_word' id='word_1_176' title='bbox 662 2125 832 2214; x_wconf 84' lang='lat' dir='ltr'><strong>explicari.</strong></span> <span class='ocrx_word' id='word_1_177' title='bbox 848 2127 966 2192; x_wconf 84' lang='lat' dir='ltr'><strong>Tutela</strong></span> <span class='ocrx_word' id='word_1_178' title='bbox 979 2125 1094 2191; x_wconf 88' lang='lat' dir='ltr'><strong>similis</strong></span> <span class='ocrx_word' id='word_1_179' title='bbox 1108 2125 1270 2190; x_wconf 84' lang='lat' dir='ltr'><strong>habebatur</strong></span> 
     </span>
    </p>

    <p class='ocr_par' dir='ltr' id='par_1_4' title="bbox 226 2185 1309 2392">
     <span class='ocr_line' id='line_1_22' title="bbox 226 2185 1271 2295; baseline -0.012 -10"><span class='ocrx_word' id='word_1_180' title='bbox 226 2185 239 2286; x_wconf 80' lang='lat' dir='ltr'><strong>i</strong></span> <span class='ocrx_word' id='word_1_181' title='bbox 258 2215 427 2282; x_wconf 82' lang='lat' dir='ltr'><strong>hereditati</strong></span> <span class='ocrx_word' id='word_1_182' title='bbox 438 2239 450 2295; x_wconf 80' lang='lat'>3</span> <span class='ocrx_word' id='word_1_183' title='bbox 461 2212 628 2280; x_wconf 80' lang='lat' dir='ltr'><strong>deficiente</strong></span> <span class='ocrx_word' id='word_1_184' title='bbox 644 2214 758 2280; x_wconf 87' lang='lat' dir='ltr'>herede</span> <span class='ocrx_word' id='word_1_185' title='bbox 775 2227 964 2280; x_wconf 84' lang='lat' dir='ltr'><strong>testamento</strong></span> <span class='ocrx_word' id='word_1_186' title='bbox 982 2213 1132 2280; x_wconf 85' lang='lat' dir='ltr'><strong>instituto</strong></span> <span class='ocrx_word' id='word_1_187' title='bbox 1148 2210 1271 2278; x_wconf 82' lang='lat' dir='ltr'><strong>succedit</strong></span> 
     </span>
     <span class='ocr_line' id='line_1_23' title="bbox 258 2303 1309 2392; baseline -0.007 -24"><span class='ocrx_word' id='word_1_188' title='bbox 258 2306 422 2390; x_wconf 86' lang='lat' dir='ltr'><strong>legitimus</strong></span> <span class='ocrx_word' id='word_1_189' title='bbox 443 2303 494 2368; x_wconf 83' lang='lat' dir='ltr'><strong>vel</strong></span> <span class='ocrx_word' id='word_1_190' title='bbox 513 2303 604 2368; x_wconf 88' lang='lat' dir='ltr'><strong>heres</strong></span> <span class='ocrx_word' id='word_1_191' title='bbox 624 2305 666 2368; x_wconf 85' lang='lat' dir='ltr'><strong>ab</strong></span> <span class='ocrx_word' id='word_1_192' title='bbox 686 2305 847 2370; x_wconf 76' lang='lat' dir='ltr'><strong>intestato.</strong></span> <span class='ocrx_word' id='word_1_193' title='bbox 867 2307 956 2392; x_wconf 87' lang='lat' dir='ltr'><strong>Ergo</strong></span> <span class='ocrx_word' id='word_1_194' title='bbox 975 2316 1025 2385; x_wconf 91' lang='lat' dir='ltr'><strong>et,</strong></span> <span class='ocrx_word' id='word_1_195' title='bbox 1047 2325 1117 2368; x_wconf 90' lang='lat' dir='ltr'><strong>non</strong></span> <span class='ocrx_word' id='word_1_196' title='bbox 1135 2305 1272 2368; x_wconf 80' lang='lat' dir='ltr'><strong>existente</strong></span> <span class='ocrx_word' id='word_1_197' title='bbox 1308 2319 1309 2350; x_wconf 70' lang='lat' dir='ltr'><strong>t</strong></span> 
     </span>
    </p>

    <p class='ocr_par' dir='ltr' id='par_1_5' title="bbox 258 2393 1309 2482">
     <span class='ocr_line' id='line_1_24' title="bbox 258 2393 1309 2482; baseline -0.001 -28"><span class='ocrx_word' id='word_1_198' title='bbox 258 2403 366 2458; x_wconf 87' lang='lat' dir='ltr'><strong>tutore</strong></span> <span class='ocrx_word' id='word_1_199' title='bbox 387 2393 645 2475; x_wconf 80' lang='lat' dir='ltr'><strong>testamentario,</strong></span> <span class='ocrx_word' id='word_1_200' title='bbox 668 2393 831 2480; x_wconf 83' lang='lat' dir='ltr'><strong>legitimus</strong></span> <span class='ocrx_word' id='word_1_201' title='bbox 852 2395 904 2460; x_wconf 80' lang='lat' dir='ltr'><strong>rel</strong></span> <span class='ocrx_word' id='word_1_202' title='bbox 927 2405 1067 2482; x_wconf 83' lang='lat' dir='ltr'><strong>agnatus</strong></span> <span class='ocrx_word' id='word_1_203' title='bbox 1087 2393 1216 2458; x_wconf 85' lang='lat' dir='ltr'><strong>tutelam</strong></span> <span class='ocrx_word' id='word_1_204' title='bbox 1233 2409 1271 2453; x_wconf 83' lang='lat' dir='ltr'><strong>ac·</strong></span> <span class='ocrx_word' id='word_1_205' title='bbox 1292 2401 1309 2445; x_wconf 67' lang='lat' dir='ltr'><strong>‘t</strong></span> 
     </span>
    </p>

    <p class='ocr_par' dir='ltr' id='par_1_6' title="bbox 261 2481 1309 2571">
     <span class='ocr_line' id='line_1_25' title="bbox 261 2481 1309 2571; baseline 0 -27"><span class='ocrx_word' id='word_1_206' title='bbox 261 2481 352 2571; x_wconf 85' lang='lat' dir='ltr'><strong>cipit.</strong></span> <span class='ocrx_word' id='word_1_207' title='bbox 1308 2489 1309 2506; x_wconf 66' lang='lat'>¹</span> 
     </span>
    </p>

    <p class='ocr_par' dir='ltr' id='par_1_7' title="bbox 661 2575 1308 2676">
     <span class='ocr_line' id='line_1_26' title="bbox 661 2575 1308 2676; baseline -0.003 -19"><span class='ocrx_word' id='word_1_208' title='bbox 661 2593 692 2676; x_wconf 86' lang='grc'><strong>5.</strong></span> <span class='ocrx_word' id='word_1_209' title='bbox 714 2591 892 2657; x_wconf 80' lang='grc' dir='ltr'><strong>ΟΟΧΙΧ.</strong></span> <span class='ocrx_word' id='word_1_210' title='bbox 1306 2575 1308 2630; x_wconf 64' lang='lat' dir='ltr'>I</span> 
     </span>
    </p>

    <p class='ocr_par' dir='ltr' id='par_1_8' title="bbox 257 2637 1308 3013">
     <span class='ocr_line' id='line_1_27' title="bbox 304 2637 1308 2830; baseline -0.004 -22"><span class='ocrx_word' id='word_1_211' title='bbox 304 2742 381 2808; x_wconf 87' lang='lat' dir='ltr'><strong>Jam</strong></span> <span class='ocrx_word' id='word_1_212' title='bbox 394 2739 488 2808; x_wconf 83' lang='lat' dir='ltr'><strong>facile</strong></span> <span class='ocrx_word' id='word_1_213' title='bbox 503 2750 610 2830; x_wconf 89' lang='lat' dir='ltr'><strong>patet,</strong></span> <span class='ocrx_word' id='word_1_214' title='bbox 625 2741 791 2829; x_wconf 84' lang='lat' dir='ltr'><strong>quodnam</strong></span> <span class='ocrx_word' id='word_1_215' title='bbox 804 2741 845 2806; x_wconf 87' lang='lat' dir='ltr'><strong>sit</strong></span> <span class='ocrx_word' id='word_1_216' title='bbox 859 2740 956 2828; x_wconf 87' lang='lat' dir='ltr'><strong>hujus</strong></span> <span class='ocrx_word' id='word_1_217' title='bbox 971 2742 1082 2808; x_wconf 82' lang='lat' dir='ltr'><strong>tutelas</strong></span> <span class='ocrx_word' id='word_1_218' title='bbox 1096 2741 1272 2809; x_wconf 83' lang='lat' dir='ltr'><strong>fundamen·</strong></span> <span class='ocrx_word' id='word_1_219' title='bbox 1305 2637 1308 2782; x_wconf 81' lang='grc' dir='ltr'>Ι</span> 
     </span>
     <span class='ocr_line' id='line_1_28' title="bbox 257 2831 1307 2922; baseline -0.009 -24"><span class='ocrx_word' id='word_1_220' title='bbox 257 2845 343 2898; x_wconf 86' lang='lat' dir='ltr'><strong>tum.</strong></span> <span class='ocrx_word' id='word_1_221' title='bbox 358 2833 473 2918; x_wconf 87' lang='lat' dir='ltr'><strong>Quum</strong></span> <span class='ocrx_word' id='word_1_222' title='bbox 484 2832 572 2896; x_wconf 87' lang='lat' dir='ltr'><strong>enim</strong></span> <span class='ocrx_word' id='word_1_223' title='bbox 588 2844 707 2896; x_wconf 81' lang='lat' dir='ltr'><strong>veteres</strong></span> <span class='ocrx_word' id='word_1_224' title='bbox 721 2831 858 2896; x_wconf 83' lang='lat' dir='ltr'><strong>tutelam</strong></span> <span class='ocrx_word' id='word_1_225' title='bbox 870 2831 1037 2896; x_wconf 84' lang='lat' dir='ltr'><strong>hereditati</strong></span> <span class='ocrx_word' id='word_1_226' title='bbox 1050 2833 1271 2922; x_wconf 77' lang='lat' dir='ltr'><strong>aequipararent</strong></span> <span class='ocrx_word' id='word_1_227' title='bbox 1306 2839 1307 2884; x_wconf 81' lang='lat' dir='ltr'><strong>t</strong></span> 
     </span>
     <span class='ocr_line' id='line_1_29' title="bbox 257 2917 1272 3013; baseline -0.011 -23"><span class='ocrx_word' id='word_1_228' title='bbox 257 2924 302 3013; x_wconf 85' lang='grc'><strong>(5.</strong></span> <span class='ocrx_word' id='word_1_229' title='bbox 330 2923 419 3007; x_wconf 72' lang='lat'><strong>⁴108.)</strong></span> <span class='ocrx_word' id='word_1_230' title='bbox 434 2971 443 3000; x_wconf 92' lang='lat'>,</span> <span class='ocrx_word' id='word_1_231' title='bbox 461 2917 647 2984; x_wconf 84' lang='lat' dir='ltr'><strong>formarunt</strong></span> <span class='ocrx_word' id='word_1_232' title='bbox 668 2920 729 2984; x_wconf 86' lang='lat' dir='ltr'><strong>sibi</strong></span> <span class='ocrx_word' id='word_1_233' title='bbox 748 2919 811 2984; x_wconf 89' lang='lat' dir='ltr'><strong>hoc</strong></span> <span class='ocrx_word' id='word_1_234' title='bbox 834 2919 984 2986; x_wconf 77' lang='lat' dir='ltr'><strong>aonmar</strong></span> <span class='ocrx_word' id='word_1_235' title='bbox 1006 2921 1218 3010; x_wconf 79' lang='lat' dir='ltr'><strong>Ubicumque</strong></span> <span class='ocrx_word' id='word_1_236' title='bbox 1233 2925 1272 2982; x_wconf 80' lang='lat' dir='ltr'><strong>ert</strong></span> 
     </span>
    </p>

    <p class='ocr_par' dir='ltr' id='par_1_9' title="bbox 231 3007 1271 3457">
     <span class='ocr_line' id='line_1_30' title="bbox 231 3007 1269 3088; baseline -0.01 -12"><span class='ocrx_word' id='word_1_237' title='bbox 231 3007 241 3083; x_wconf 70' lang='grc' dir='ltr'><strong>ξ’</strong></span> <span class='ocrx_word' id='word_1_238' title='bbox 259 3011 481 3078; x_wconf 70' lang='lat' dir='ltr'><strong>successionis</strong></span> <span class='ocrx_word' id='word_1_239' title='bbox 493 3010 770 3088; x_wconf 77' lang='lat' dir='ltr'><strong>emolumentum,</strong></span> <span class='ocrx_word' id='word_1_240' title='bbox 780 3007 828 3072; x_wconf 83' lang='lat' dir='ltr'><strong>ibi</strong></span> <span class='ocrx_word' id='word_1_241' title='bbox 840 3020 873 3073; x_wconf 83' lang='lat' dir='ltr'><strong>et</strong></span> <span class='ocrx_word' id='word_1_242' title='bbox 881 3033 967 3075; x_wconf 81' lang='lat' dir='ltr'><strong>onus</strong></span> <span class='ocrx_word' id='word_1_243' title='bbox 976 3010 1091 3076; x_wconf 82' lang='lat' dir='ltr'><strong>tutelae</strong></span> <span class='ocrx_word' id='word_1_244' title='bbox 1102 3034 1172 3076; x_wconf 78' lang='lat' dir='ltr'><strong>eree</strong></span> <span class='ocrx_word' id='word_1_245' title='bbox 1181 3007 1269 3074; x_wconf 80' lang='lat' dir='ltr'><strong>debet.</strong></span> 
     </span>
     <span class='ocr_line' id='line_1_31' title="bbox 232 3097 1270 3188; baseline -0.008 -22"><span class='ocrx_word' id='word_1_246' title='bbox 232 3111 239 3126; x_wconf 85' lang='grc'><em>“</em></span> <span class='ocrx_word' id='word_1_247' title='bbox 259 3103 346 3188; x_wconf 83' lang='lat' dir='ltr'><strong>Quae</strong></span> <span class='ocrx_word' id='word_1_248' title='bbox 356 3100 467 3186; x_wconf 83' lang='lat' dir='ltr'><strong>regula</strong></span> <span class='ocrx_word' id='word_1_249' title='bbox 482 3098 616 3164; x_wconf 88' lang='lat' dir='ltr'><strong>totidem</strong></span> <span class='ocrx_word' id='word_1_250' title='bbox 631 3097 736 3162; x_wconf 82' lang='lat' dir='ltr'><strong>verbis</strong></span> <span class='ocrx_word' id='word_1_251' title='bbox 751 3119 898 3186; x_wconf 85' lang='lat' dir='ltr'><strong>expressa</strong></span> <span class='ocrx_word' id='word_1_252' title='bbox 913 3110 1018 3163; x_wconf 82' lang='lat' dir='ltr'><strong>exstat</strong></span> <span class='ocrx_word' id='word_1_253' title='bbox 1033 3099 1070 3163; x_wconf 90' lang='lat' dir='ltr'><strong>in</strong></span> <span class='ocrx_word' id='word_1_254' title='bbox 1085 3101 1117 3186; x_wconf 91' lang='grc'><strong>5.</strong></span> <span class='ocrx_word' id='word_1_255' title='bbox 1128 3121 1186 3165; x_wconf 88' lang='lat' dir='ltr'><strong>un.</strong></span> <span class='ocrx_word' id='word_1_256' title='bbox 1199 3098 1270 3162; x_wconf 79' lang='lat' dir='ltr'><strong>lnrt.</strong></span> 
     </span>
     <span class='ocr_line' id='line_1_32' title="bbox 257 3186 1270 3278; baseline -0.012 -22"><span class='ocrx_word' id='word_1_257' title='bbox 257 3193 300 3256; x_wconf 84' lang='lat' dir='ltr'><strong>de</strong></span> <span class='ocrx_word' id='word_1_258' title='bbox 311 3192 405 3278; x_wconf 81' lang='lat' dir='ltr'><strong>legit.</strong></span> <span class='ocrx_word' id='word_1_259' title='bbox 414 3201 510 3277; x_wconf 81' lang='lat' dir='ltr'><strong>patr.</strong></span> <span class='ocrx_word' id='word_1_260' title='bbox 523 3199 586 3252; x_wconf 84' lang='lat' dir='ltr'><strong>tut.</strong></span> <span class='ocrx_word' id='word_1_261' title='bbox 598 3188 616 3252; x_wconf 88' lang='lat' dir='ltr'>J</span> <span class='ocrx_word' id='word_1_262' title='bbox 619 3210 674 3251; x_wconf 89' lang='lat' dir='ltr'><strong>am</strong></span> <span class='ocrx_word' id='word_1_263' title='bbox 685 3209 761 3250; x_wconf 90' lang='lat' dir='ltr'><strong>cum</strong></span> <span class='ocrx_word' id='word_1_264' title='bbox 774 3186 942 3274; x_wconf 82' lang='lat' dir='ltr'><strong>proximos</strong></span> <span class='ocrx_word' id='word_1_265' title='bbox 950 3199 1085 3274; x_wconf 86' lang='lat' dir='ltr'><strong>agnatos</strong></span> <span class='ocrx_word' id='word_1_266' title='bbox 1093 3190 1149 3254; x_wconf 76' lang='lat' dir='ltr'><strong>Iex</strong></span> <span class='ocrx_word' id='word_1_267' title='bbox 1159 3191 1270 3254; x_wconf 81' lang='lat' dir='ltr'><strong>vocaret</strong></span> 
     </span>
     <span class='ocr_line' id='line_1_33' title="bbox 259 3272 1271 3356; baseline -0.01 -12"><span class='ocrx_word' id='word_1_268' title='bbox 259 3280 302 3351; x_wconf 86' lang='lat' dir='ltr'><strong>ad</strong></span> <span class='ocrx_word' id='word_1_269' title='bbox 315 3279 520 3344; x_wconf 84' lang='lat' dir='ltr'><strong>successionis</strong></span> <span class='ocrx_word' id='word_1_270' title='bbox 533 3277 811 3356; x_wconf 81' lang='lat' dir='ltr'><strong>emobrmentnm,</strong></span> <span class='ocrx_word' id='word_1_271' title='bbox 832 3277 960 3342; x_wconf 86' lang='lat' dir='ltr'><strong>eosdem</strong></span> <span class='ocrx_word' id='word_1_272' title='bbox 976 3277 1075 3341; x_wconf 86' lang='lat' dir='ltr'><strong>etiam</strong></span> <span class='ocrx_word' id='word_1_273' title='bbox 1092 3274 1229 3342; x_wconf 85' lang='lat' dir='ltr'><strong>Romani</strong></span> <span class='ocrx_word' id='word_1_274' title='bbox 1244 3272 1271 3336; x_wconf 89' lang='lat' dir='ltr'><strong>in</strong></span> 
     </span>
     <span class='ocr_line' id='line_1_34' title="bbox 258 3365 1159 3457; baseline -0.003 -24"><span class='ocrx_word' id='word_1_275' title='bbox 258 3368 461 3457; x_wconf 67' lang='lat' dir='ltr'><strong>euscipiendo</strong></span> <span class='ocrx_word' id='word_1_276' title='bbox 476 3367 585 3430; x_wconf 86' lang='lat' dir='ltr'><strong>tutelae</strong></span> <span class='ocrx_word' id='word_1_277' title='bbox 601 3389 698 3430; x_wconf 89' lang='lat' dir='ltr'><strong>onere</strong></span> <span class='ocrx_word' id='word_1_278' title='bbox 711 3365 880 3453; x_wconf 83' lang='lat' dir='ltr'><strong>proximus</strong></span> <span class='ocrx_word' id='word_1_279' title='bbox 895 3389 959 3432; x_wconf 84' lang='lat' dir='ltr'><strong>esse</strong></span> <span class='ocrx_word' id='word_1_280' title='bbox 975 3365 1159 3432; x_wconf 86' lang='lat' dir='ltr'><strong>voluerunt.</strong></span> 
     </span>
    </p>

    <p class='ocr_par' dir='ltr' id='par_1_10' title="bbox 300 3453 1269 3544">
     <span class='ocr_line' id='line_1_35' title="bbox 300 3453 1269 3544; baseline -0.005 -25"><span class='ocrx_word' id='word_1_281' title='bbox 300 3457 415 3542; x_wconf 75' lang='lat' dir='ltr'><strong>Quaeri</strong></span> <span class='ocrx_word' id='word_1_282' title='bbox 429 3465 549 3544; x_wconf 87' lang='lat' dir='ltr'><strong>potest,</strong></span> <span class='ocrx_word' id='word_1_283' title='bbox 562 3477 605 3518; x_wconf 82' lang='lat' dir='ltr'><strong>an</strong></span> <span class='ocrx_word' id='word_1_284' title='bbox 621 3455 796 3542; x_wconf 85' lang='lat' dir='ltr'><strong>prudenter</strong></span> <span class='ocrx_word' id='word_1_285' title='bbox 809 3455 853 3519; x_wconf 87' lang='lat' dir='ltr'><strong>ita</strong></span> <span class='ocrx_word' id='word_1_286' title='bbox 867 3455 1036 3520; x_wconf 88' lang='lat' dir='ltr'><strong>statuerint</strong></span> <span class='ocrx_word' id='word_1_287' title='bbox 1050 3455 1213 3520; x_wconf 79' lang='lat' dir='ltr'><strong>Romani?</strong></span> <span class='ocrx_word' id='word_1_288' title='bbox 1223 3453 1269 3516; x_wconf 86' lang='lat' dir='ltr'><strong>Ss-</strong></span> 
     </span>
    </p>

    <p class='ocr_par' dir='ltr' id='par_1_11' title="bbox 225 3543 1269 3814">
     <span class='ocr_line' id='line_1_36' title="bbox 225 3543 1269 3662; baseline -0.008 -52"><span class='ocrx_word' id='word_1_289' title='bbox 225 3566 301 3662; x_wconf 67' lang='lat'><strong>1¹¹⁶</strong></span> <span class='ocrx_word' id='word_1_290' title='bbox 324 3556 446 3618; x_wconf 79' lang='lat' dir='ltr'><strong>veteres</strong></span> <span class='ocrx_word' id='word_1_291' title='bbox 469 3543 578 3608; x_wconf 86' lang='lat' dir='ltr'><strong>Graeci</strong></span> <span class='ocrx_word' id='word_1_292' title='bbox 598 3544 817 3634; x_wconf 83' lang='lat' dir='ltr'><strong>periculosum</strong></span> <span class='ocrx_word' id='word_1_293' title='bbox 843 3545 1087 3624; x_wconf 80' lang='lat' dir='ltr'><strong>existimabant,</strong></span> <span class='ocrx_word' id='word_1_294' title='bbox 1111 3551 1269 3636; x_wconf 73' lang='lat' dir='ltr'><strong>praesumto</strong></span> 
     </span>
     <span class='ocr_line' id='line_1_37' title="bbox 257 3631 1268 3722; baseline -0.01 -21"><span class='ocrx_word' id='word_1_295' title='bbox 257 3633 368 3701; x_wconf 75' lang='lat' dir='ltr'><strong>heredi</strong></span> <span class='ocrx_word' id='word_1_296' title='bbox 383 3633 537 3712; x_wconf 87' lang='lat' dir='ltr'><strong>tutelam,</strong></span> <span class='ocrx_word' id='word_1_297' title='bbox 552 3633 574 3697; x_wconf 89' lang='lat' dir='ltr'><strong>i.</strong></span> <span class='ocrx_word' id='word_1_298' title='bbox 594 3655 624 3698; x_wconf 86' lang='lat' dir='ltr'><strong>e.</strong></span> <span class='ocrx_word' id='word_1_299' title='bbox 638 3653 738 3722; x_wconf 85' lang='lat' dir='ltr'><strong>capro</strong></span> <span class='ocrx_word' id='word_1_300' title='bbox 753 3633 883 3699; x_wconf 85' lang='lat' dir='ltr'><strong>vineam</strong></span> <span class='ocrx_word' id='word_1_301' title='bbox 896 3633 1037 3700; x_wconf 80' lang='lat' dir='ltr'><strong>credere.</strong></span> <span class='ocrx_word' id='word_1_302' title='bbox 1053 3635 1143 3720; x_wconf 82' lang='lat' dir='ltr'><strong>de</strong></span> <span class='ocrx_word' id='word_1_303' title='bbox 1156 3631 1268 3698; x_wconf 84' lang='lat' dir='ltr'><strong>sienim</strong></span> 
     </span>
     <span class='ocr_line' id='line_1_38' title="bbox 256 3720 1268 3814; baseline -0.012 -24"><span class='ocrx_word' id='word_1_304' title='bbox 256 3735 329 3790; x_wconf 82' lang='lat' dir='ltr'><strong>tam</strong></span> <span class='ocrx_word' id='word_1_305' title='bbox 351 3722 488 3814; x_wconf 83' lang='lat' dir='ltr'><strong>cupidus</strong></span> <span class='ocrx_word' id='word_1_306' title='bbox 509 3726 550 3790; x_wconf 88' lang='lat' dir='ltr'><strong>sit</strong></span> <span class='ocrx_word' id='word_1_307' title='bbox 568 3722 778 3806; x_wconf 81' lang='lat' dir='ltr'><strong>hereditatis,</strong></span> <span class='ocrx_word' id='word_1_308' title='bbox 800 3733 837 3798; x_wconf 90' lang='lat' dir='ltr'><strong>ut</strong></span> <span class='ocrx_word' id='word_1_309' title='bbox 860 3723 1029 3813; x_wconf 69' lang='lat' dir='ltr'><strong>pupillum,</strong></span> <span class='ocrx_word' id='word_1_310' title='bbox 1046 3723 1106 3788; x_wconf 86' lang='lat' dir='ltr'><strong>sibi</strong></span> <span class='ocrx_word' id='word_1_311' title='bbox 1117 3720 1268 3788; x_wconf 80' lang='lat' dir='ltr'><strong>creditum</strong></span> 
     </span>
    </p>

    <p class='ocr_par' dir='ltr' id='par_1_12' title="bbox 147 3803 1268 3914">
     <span class='ocr_line' id='line_1_39' title="bbox 147 3803 1268 3914; baseline -0.009 -35"><span class='ocrx_word' id='word_1_312' title='bbox 147 3811 152 3817; x_wconf 76' lang='grc'><strong>’</strong></span> <span class='ocrx_word' id='word_1_313' title='bbox 256 3815 385 3880; x_wconf 76' lang='lat' dir='ltr'><strong>ieneno</strong></span> <span class='ocrx_word' id='word_1_314' title='bbox 395 3812 505 3890; x_wconf 84' lang='lat' dir='ltr'><strong>tollat,</strong></span> <span class='ocrx_word' id='word_1_315' title='bbox 522 3824 578 3878; x_wconf 89' lang='lat' dir='ltr'><strong>aut</strong></span> <span class='ocrx_word' id='word_1_316' title='bbox 593 3811 656 3886; x_wconf 88' lang='lat' dir='ltr'><strong>alio</strong></span> <span class='ocrx_word' id='word_1_317' title='bbox 672 3811 824 3876; x_wconf 90' lang='lat' dir='ltr'><strong>modoad</strong></span> <span class='ocrx_word' id='word_1_318' title='bbox 842 3835 957 3878; x_wconf 89' lang='lat' dir='ltr'><strong>orcum</strong></span> <span class='ocrx_word' id='word_1_319' title='bbox 966 3813 1079 3914; x_wconf 61' lang='lat' dir='ltr'><strong>mittat</strong></span> <span class='ocrx_word' id='word_1_320' title='bbox 1085 3813 1107 3914; x_wconf 38' lang='lat' dir='ltr'><strong>t·</strong></span> <span class='ocrx_word' id='word_1_321' title='bbox 1116 3809 1190 3876; x_wconf 83' lang='lat' dir='ltr'><strong>Ideo</strong></span> <span class='ocrx_word' id='word_1_322' title='bbox 1199 3803 1268 3872; x_wconf 86' lang='lat' dir='ltr'><strong>faci-</strong></span> 
     </span>
    </p>
   </div>
   <div class='ocr_carea' id='block_1_3' title="bbox 257 3898 1267 4048">
    <p class='ocr_par' dir='ltr' id='par_1_13' title="bbox 257 3898 1267 4048">
     <span class='ocr_line' id='line_1_40' title="bbox 257 3898 1267 4044; baseline -0.015 -72"><span class='ocrx_word' id='word_1_323' title='bbox 257 3903 321 3995; x_wconf 77' lang='lat' dir='ltr'><strong>lius</strong></span> <span class='ocrx_word' id='word_1_324' title='bbox 334 3899 505 3970; x_wconf 82' lang='lat' dir='ltr'><strong>abeofieri</strong></span> <span class='ocrx_word' id='word_1_325' title='bbox 521 3901 661 3998; x_wconf 58' lang='grc' dir='ltr'><strong>Ροιθιῇ,Ι</strong></span> <span class='ocrx_word' id='word_1_326' title='bbox 679 3901 755 3990; x_wconf 88' lang='lat' dir='ltr'><strong>quia</strong></span> <span class='ocrx_word' id='word_1_327' title='bbox 774 3923 946 3990; x_wconf 82' lang='lat' dir='ltr'><strong>personam</strong></span> <span class='ocrx_word' id='word_1_328' title='bbox 966 3898 1080 3994; x_wconf 80' lang='lat' dir='ltr'><strong>pupdh</strong></span> <span class='ocrx_word' id='word_1_329' title='bbox 1099 3923 1132 3967; x_wconf 91' lang='lat' dir='ltr'><strong>m</strong></span> <span class='ocrx_word' id='word_1_330' title='bbox 1150 3920 1203 3964; x_wconf 82' lang='lat' dir='ltr'><strong>sua</strong></span> <span class='ocrx_word' id='word_1_331' title='bbox 1223 3907 1267 4044; x_wconf 53' lang='lat' dir='ltr'><strong>tr}-</strong></span> 
     </span>
     <span class='ocr_line' id='line_1_41' title="bbox 1216 3997 1267 4048; baseline -0.078 0"><span class='ocrx_word' id='word_1_332' title='bbox 1216 3997 1242 4048; x_wconf 76' lang='lat' dir='ltr'><strong>Ie</strong></span> <span class='ocrx_word' id='word_1_333' title='bbox 1252 3999 1267 4044; x_wconf 72' lang='lat' dir='ltr'><strong>t</strong></span> 
     </span>
    </p>
   </div>
   <div class='ocr_carea' id='block_1_4' title="bbox 0 0 1328 4496">
    <p class='ocr_par' dir='ltr' id='par_1_14' title="bbox 0 0 1328 4496">
     <span class='ocr_line' id='line_1_42' title="bbox 0 0 1328 4496; baseline 0 0"><span class='ocrx_word' id='word_1_334' title='bbox 0 0 1328 4496; x_wconf 95' lang='lat' dir='ltr'><strong> </strong></span> 
     </span>
    </p>
   </div>
  </div>
 </body>
</html>
