2756 4504
298 309 363 382 eso
561 290 1039 409 nisun11,r1r.=111.

297 425 529 496 admittati’ld
541 432 630 498 enim
643 409 895 511 adfirmaridum.
912 433 1000 499 Nam
1013 443 1117 523 potest
1130 453 1202 498 usus
1214 429 1299 498 dividi

184 533 188 540 ·
302 519 348 581 1⁰.
365 518 487 584 ratione
500 520 611 604 modi,
630 545 658 586 e.
674 543 707 609 g.
721 517 864 588 o‘oneedo
877 521 935 587 tibi
950 524 1037 588 viam
1045 522 1125 606 ,sed
1138 523 1181 587 ite
1195 531 1231 584 ut
1243 543 1299 586 non
1340 523 1341 576 t

236 609 238 616 ’
299 603 362 668 nisi
371 627 438 672 uno
451 630 535 695 equo
546 631 606 676 nee
615 611 759 699 plaustro
769 624 885 678 onusto
897 612 943 677 ibi
954 612 1028 677 vehi
1040 611 1156 702 possis,
1165 611 1187 676 l.
1200 607 1268 695 4,§.
1277 633 1298 688 t,

288 691 338 794 ff.
352 693 557 766 deservitur.
579 714 627 764 2⁰.
642 699 782 767 Ratione
793 712 980 792 temporum
990 751 999 779 ,
1009 723 1038 766 a.
1054 722 1086 787 g.
1102 699 1239 766 concedo
1251 697 1299 762 tibi

297 802 349 866 Jus
363 787 535 870 pascendi,
559 788 613 854 sed
625 811 693 854 non
704 789 765 855 nisi
778 790 866 856 heris
879 789 1157 872 antemeridianis,
1171 789 1233 869 rel,
1242 799 1300 852 tan·
1341 782 1342 872 ξ

299 873 985 969 tumalternisdiebus,l.5,§.t,ffib.t.
1341 875 1342 886 ’

339 1025 429 1097 Quod
442 1030 568 1086 servitus
588 1031 624 1086 sit
641 1029 794 1090 individua
806 1033 865 1102 ,id
877 1007 940 1101 non
956 1033 1051 1092 solum
1071 1052 1108 1090 ex
1125 1031 1235 1090 ratione
1250 1027 1302 1104 ipsi

298 1117 398 1183 patet,
416 1111 467 1167 sed
484 1111 571 1168 etiem
583 1130 619 1168 ex
629 1112 902 1193 dispositionexCod.
915 1117 995 1190 Nap.
1008 1128 1063 1171 art.
1073 1132 1139 1202 7⁰⁰?

461 1265 491 1348 ς.
516 1241 765 1348 cocxotx',
790 1253 918 1332 cecc
940 1278 972 1331 a
994 1264 1159 1334 couci.

347 1421 517 1488 Sufficiant
530 1423 600 1490 haee
614 1425 698 1490 dieta
715 1425 754 1492 de
768 1426 1179 1514 servitutibuageneratim.
1193 1428 1211 1493 J
1213 1449 1260 1492 am
1272 1425 1302 1492 de

300 1509 432 1596 singulis
453 1511 488 1578 iu
502 1510 617 1601 specie.
634 1514 923 1600 Quemadmodum
939 1539 1016 1582 vero
1031 1539 1086 1582 eas
1101 1515 1258 1584 divisimus
1275 1515 1301 1578 in
1343 1516 1344 1568 Ῑ

300 1599 465 1666 servitutes
476 1601 675 1690 praedioruin
689 1603 891 1670 urbanorum
903 1617 936 1670 et
946 1605 1164 1688 rusticorum,
1177 1606 1220 1680 ita
1228 1603 1303 1694 prius
1343 1603 1344 1626 ¹

301 1687 341 1754 de
364 1689 577 1757 urbanorum
602 1681 821 1782 ‚pr'oediorum
854 1695 1075 1762 servitutibus
1106 1694 1300 1784 dispiciemus.

271 1801 278 1819 ·
302 1779 506 1844 Teleasunt:
659 1843 664 1856 ,
705 1793 710 1798 ’

346 1867 374 1940 1,
387 1869 529 1934 Servitus
544 1870 656 1934 oneris
657 1866 818 1957 ferendi,¹
839 1873 969 1958 quando
984 1873 1139 1960 columna
1154 1869 1247 1937 vieini
1264 1867 1302 1934 vel
1344 1893 1345 1952 t

301 1956 407 2044 paries
429 1961 542 2022 meum'
556 1957 730 2024 aedificium
742 1960 896 2026 sustinere
910 1961 1049 2049 cogitur.
1066 1963 1108 2030 E.
1126 1983 1158 2048 g·
1174 1961 1207 2024 in
1225 1955 1302 2022 sohe-

302 2056 389 2112 mate
400 2046 479 2130 hoo,
495 2047 522 2113 si
533 2048 637 2138 paries
653 2049 688 2114 A
699 2048 740 2149 sit
751 2049 850 2131 Titii,
869 2061 902 2114 et
913 2049 1089 2116 aedificium
1102 2051 1130 2117 Β
1143 2049 1302 2126 sitmeum,

303 2727 385 2795 Titii
407 2727 567 2818 praedium
589 2725 672 2794 mibi
693 2739 823 2816 praestat
850 2730 1037 2796 servitutem
1063 2727 1169 2795 oneris
1189 2717 1305 2792 ferendi.

305 2819 474 2907 Praecipue
488 2818 542 2883 hio
558 2810 689 2904 quaestio
712 2829 776 2898 est,
800 2816 870 2904 quis
884 2817 1015 2885 reficere
1032 2829 1180 2884 teneatur
1197 2815 1306 2880 colum·

306 2930 386 2974 nam
400 2907 452 2975 vel
472 2906 628 2997 parietem
646 2905 863 2971 servientem?
885 2908 984 2994 vulgo
998 2907 1086 2974 enim
1100 2908 1241 2974 doctores
1252 2921 1305 2964 res-

305 2999 469 3088 pondent,
485 2994 664 3062 refectionis
685 3017 766 3059 onus
789 2994 977 3062 incumbere
989 2997 1161 3076 servienti,
1186 2994 1225 3058 ob
1237 2990 1257 3056 i.
1274 2987 1304 3060 6,

307 3089 338 3173 §-
351 3109 371 3154 2
384 3139 392 3165 ‚
406 3085 451 3179 ffi
464 3086 496 3152 si
506 3110 592 3152 serv.
605 3083 700 3150 vind.
713 3106 881 3172 quumque
892 3085 925 3150 id
939 3083 1098 3175 repugnet
1112 3088 1143 3171 S.
1161 3084 1237 3170 397,
1246 3074 1305 3141 iude

303 3177 492 3244 servitutem
506 3177 592 3242 hanc
609 3195 724 3240 vocare
739 3173 841 3238 solent
858 3176 1076 3253 anomalam,
1092 3175 1114 3238 i.
1127 3197 1156 3239 e.
1166 3165 1305 3264 irrogab-

305 3287 388 3332 rem.
404 3266 469 3332 Sed
478 3265 513 3330 id
528 3264 658 3354 quidem
673 3283 716 3328 ex
731 3263 792 3327 hac
807 3263 875 3348 lege
892 3263 929 3343 6,
945 3285 1012 3328 non
1027 3263 1137 3351 liquet.
1155 3261 1221 3326 Nee
1233 3271 1303 3320 enin

282 3433 285 3440 ι
305 3355 352 3420 ibi
372 3355 547 3443 quaeritur,
566 3377 609 3418 an
627 3351 789 3418 ordinarie
810 3351 961 3417 dominus
976 3353 1105 3441 parietis
1122 3359 1258 3418 teneatur
1274 3337 1306 3403 ad

306 3443 532 3523 refectionem,
550 3443 604 3507 sed
621 3463 665 3504 an
678 3463 721 3505 ex
735 3451 831 3529 paeto
846 3451 991 3506 teneatur
1006 3491 1015 3521 ‚
1043 3442 1070 3506 si
1083 3435 1306 3530 promiserit‚⁸t3'

303 3531 528 3600 refeeturum?
537 3529 688 3616 Negabat
699 3531 731 3594 id
748 3530 862 3593 Gallus
875 3530 1040 3618 Aquilius,
1055 3532 1130 3618 quia
1143 3515 1305 3614 hujusmodi

307 3634 445 3712 paetum
456 3632 617 3708 repugnat
626 3620 818 3684 servitutum
832 3630 967 3684 naturae.
985 3617 1054 3684 Alii
1063 3633 1192 3708 pactum
1205 3616 1306 3678 hocve·

307 3713 374 3782 lere
399 3709 639 3788 adfirmabant,
663 3710 736 3794 quia
768 3708 919 3773 dominus
944 3707 1072 3798 parietis
1093 3709 1150 3774 sibi
1167 3709 1305 3794 imputare

307 3801 419 3881 debet,
430 3801 516 3887 quod
530 3799 726 3890 promiserit,
738 3810 771 3861 et
783 3808 936 3885 praeterea
950 3797 1007 3887 ipsi
1016 3819 1142 3888 semper
1151 3795 1263 3860 salsum
1276 3791 1305 3883 §¹1

305 3893 359 3979 ¹ins
368 3889 613 3980 derelinquendi
624 3889 800 3980 parietem,
817 3888 843 3952 si
857 3887 951 3954 nollit
966 3888 1059 3964 iilum
1076 3887 1211 3956 reficere.
1232 3877 1267 3945 Εῑ
1280 3867 1303 3934 nt
