2646 4496
232 231 294 323 alsa
510 243 743 336 thaunl,
770 245 879 312 TIT.
903 245 977 313 Vl.

228 353 336 442 missio
350 345 556 420 concedenda
568 353 609 418 sit
624 381 632 418 ι
649 352 698 442 (b)
715 367 753 418 ut
767 355 858 424 fieret
868 355 997 443 publice
1010 353 1052 421 ad
1065 355 1252 438 consilium,

226 443 251 510 i.
276 467 305 510 e.
328 443 538 534 praesentibus
553 442 700 532 praetoris
724 445 774 510 vel
799 445 999 533 proconsulis
1021 445 1255 526 adsessoribus3

229 531 318 620 quod
335 531 496 619 aliasznon
510 544 582 596 erat
593 531 830 614 necessarium,
845 537 920 622 quia
935 546 967 599 et
982 535 1017 600 in
1032 535 1171 600 transitu
1186 557 1254 600 ma·

227 621 364 691 numitti
381 634 532 710 poterant
552 621 657 701 servi,
674 623 773 688 veluti
794 645 871 688 cum
887 635 1008 712 pretor
1022 636 1080 692 aut
1119 646 1210 698 ames
1223 625 1255 688 in
1315 671 1316 678 κ

231 707 388 776 balneum
404 712 455 776 vel
475 712 511 776 in
527 711 691 776 theatrum
710 712 792 790 iret,
815 713 848 798 S.
869 735 910 792 2,
925 713 1016 793 Iuct.
1031 714 1074 793 de
1124 713 1255 784 iberam.

231 798 272 886 (c)
287 800 432 888 exposita
453 823 583 879 caussa,
597 800 619 865 i.
635 821 663 864 e.
681 799 862 872 adolescens
883 825 1029 866 caussam
1048 802 1184 866 reddere
1201 804 1255 868 de·
1315 821 1316 890 ζ

230 889 349 970 bebat,
367 910 427 952 cur
439 890 530 956 hunc
548 911 679 956 servum
696 891 928 960 manumittere
946 891 1046 971 velit,
1062 903 1095 956 et
1112 913 1211 978 quare
1224 890 1255 954 id
1314 891 1316 980 f

229 977 426 1044 beneficium
441 979 606 1044 meruerit.
621 979 656 1042 Si
676 980 775 1044 semel
787 981 909 1064 justam
931 1003 1077 1046 caussam
1100 981 1256 1072 probate·
1315 981 1316 1004 ¹

230 1078 305 1147 rat,
321 1080 476 1142 natuerat
491 1067 720 1148 manumissio,
741 1072 800 1134 etsi
814 1067 892 1134 falsa
898 1075 1021 1158 ''postea
1036 1069 1256 1158 deprehende·

231 1169 334 1227 retur.
356 1156 533 1224 Rationem
554 1157 751 1222 reddidimus
769 1158 811 1224 ad
833 1158 1057 1246 §.116,quia
1072 1159 1175 1224 semel
1188 1158 1256 1222 data

231 1245 364 1312 libertas
377 1243 497 1312 aufemi
510 1268 580 1311 non
596 1258 734 1335 potarat.
1313 1247 1316 1273 ‘¹

639 1405 675 1490 a.
699 1401 855 1477 cxxr.

1314 1517 1316 1542 l

236 1565 241 1573 ’
280 1565 449 1656 Quaeritur
464 1588 586 1656 porro,
603 1566 679 1659 quia
693 1565 845 1634 dominus
858 1563 1040 1632 adolescens
1054 1589 1126 1632 nun
1144 1565 1203 1640 nisi
1221 1563 1257 1629 cb
1315 1595 1316 1632 t

231 1660 357 1766 justam
379 1677 523 1723 caussam
550 1655 780 1722 manumittere
804 1666 952 1744 poterat,
972 1677 1129 1742 quosnam
1149 1655 1260 1723 luerint
1313 1691 1316 1719 i

234 1749 299 1816 ullas
310 1748 404 1835 justae
423 1744 567 1810 caussae?
587 1745 686 1836 Resp.
707 1743 798 1812 tuus
816 1742 984 1812 videbatur
1004 1745 1258 1828 manumissionis
1315 1775 1316 1810 t

236 1860 371 1922 caussa:
393 1841 436 1900 1⁰.
449 1835 578 1924 propin
603 1837 718 1913 uitur,
733 1857 762 1899 e.
778 1855 811 1922 g.
825 1834 852 1898 si
873 1833 944 1921 quio·
965 1835 1212 1903 manumitteret
1230 1843 1257 1896 et

236 1940 364 2020 patrem
377 1975 386 2008 ,
399 1922 559 2006 matrem,
574 1859 680 1992 lilium
692 1971 703 2003 ,
716 1923 839 2004 filiam,
855 1919 1011 2004 fratrem,
1027 1946 1164 2004 sorores·
1179 1921 1256 1990 Mira
1312 1979 1316 1990 .

234 2021 305 2085 res!
322 2015 380 2080 An
393 2015 492 2080 etiarn
511 2013 583 2100 quis
599 2024 746 2104 parentes
758 2063 767 2093 ‚
779 2013 914 2096 liberos,
927 2011 1042 2082 tratres
1057 2024 1185 2102 poterat
1197 2033 1257 2076 ser·

235 2128 294 2174 vos
307 2104 456 2172 habere?
479 2103 611 2168 Poterat
624 2101 658 2168 id
671 2099 807 2166 omnino
827 2104 1025 2189 contingere.
1049 2103 1142 2168 Nam
1156 2101 1256 2186 finga-

235 2219 310 2262 mus
335 2193 486 2264 Stichum
512 2213 641 2258 servum
667 2213 711 2259 ex
734 2189 852 2258 ancilla
877 2201 1059 2280 procreasse
1084 2191 1207 2278 Syrum
1229 2197 1257 2270 el

236 2285 465 2362 Dromonem,
488 2282 612 2370 Syrum
633 2293 745 2348 autem
763 2281 876 2347 itidem
898 2303 941 2346 ex
960 2282 1023 2346 alia
1043 2282 1163 2353 ancilla
1187 2301 1257 2368 pro·

237 2371 358 2438 creasse
381 2371 515 2436 Davum
527 2419 537 2452 ‚
557 2383 665 2459 postea
680 2381 790 2436 autem
805 2371 1000 2450 dominum,
1022 2371 1149 2458 Syrum
1170 2371 1257 2435 here-

237 2465 313 2528 dem
330 2460 520 2540 instituisse,
541 2471 620 2526 tunc
637 2459 789 2540 Stichus,
814 2460 891 2547 Syri
909 2473 1017 2550 pater,
1036 2463 1168 2540 Davus,
1188 2453 1257 2544 Syri

237 2550 324 2618 filius
335 2601 344 2631 ‚
365 2561 398 2615 et
415 2549 566 2630 Dromo,
589 2549 657 2636 ejus
676 2545 796 2628 frater,
817 2572 930 2614 omnes
954 2563 1047 2614 erant
1069 2549 1154 2614 servi
1177 2544 1256 2632 Syri.

238 2643 311 2706 Hos
332 2641 440 2726 itaque
457 2650 490 2705 et
507 2639 617 2702 minor
636 2648 722 2704 recte
737 2637 988 2718 manumittebat
1003 2641 1130 2728 pietatis
1146 2654 1257 2701 caussa·
1312 2699 1316 2732 ‚¹

240 2739 285 2796 2⁰.
303 2727 474 2816 Singulare
491 2725 686 2793 beneficium
702 2751 721 2792 a
740 2750 832 2793 servo
851 2739 1043 2818 acceptum,
1063 2752 1092 2794 e.
1108 2749 1138 2816 g.
1156 2726 1181 2790 si
1195 2722 1258 2812 quis
1311 2795 1316 2809 „

237 2817 719 2907 manumitteretpaedagogum‚
728 2817 1130 2896 nutricem‚oducatct·em.
1142 2815 1186 2881 5⁰.
1196 2813 1258 2876 Sin·
1312 2885 1316 2896 q

240 2909 361 2997 gularis
382 2906 530 2987 affectio,
553 2929 581 2972 e.
603 2927 634 2992 g.
663 2908 689 2971 si
710 2903 782 2994 quis
803 2905 1048 2972 manumitteret
1071 2907 1257 2978 alumnum,
1311 2923 1316 2986 ·,

239 3000 425 3078 alumnam,
439 2992 677 3062 collactaneum
691 3045 700 3076 ‚
714 2995 737 3060 i.
752 3019 780 3061 e.
797 2995 855 3084 qui
868 2994 980 3061 eadem
998 2997 1096 3061 ubera
1111 2999 1256 3058 traxerat.
1315 3037 1316 3073 ,

238 3089 291 3152 4⁰.
313 3087 493 3172 Singularis
507 3086 601 3167 finis,
624 3107 653 3150 e.
677 3105 710 3172 g.
732 3098 769 3149 ut
788 3107 918 3151 servum
937 3085 1054 3152 lrabeat
1075 3091 1257 3176 procurato-
1309 3111 1316 3158 1,

207 3235 210 3246 .
239 3199 335 3258 rem,
360 3178 469 3242 velut
490 3175 644 3240 ancillam
664 3173 762 3239 ducat
782 3197 934 3240 uxorem.
954 3175 1045 3240 Nam
1070 3193 1128 3240 neo
1147 3189 1259 3262 procu·
1310 3179 1316 3223 ”1

240 3279 385 3332 retorem
407 3287 518 3332 servus
543 3287 637 3352 agere
663 3277 791 3354 poterat
815 3286 905 3329 :nec
929 3265 1089 3354 ingenuus
1115 3259 1256 3328 ancillam
1310 3283 1311 3296 ι

239 3377 381 3421 uxorem
392 3356 529 3436 habere3
541 3365 668 3442 poterut
682 3365 793 3422 autem
804 3353 920 3419 ducere
931 3353 1082 3421 libertam
1092 3403 1100 3433 ,
1111 3349 1176 3420 vid.
1188 3339 1255 3412 infr·

242 3446 364 3530 §.162

635 3577 666 3663 ἕ.
690 3576 871 3645 CXXII.
944 3625 947 3632 »

1227 3647 1228 3650 ’
1315 3647 1316 3681 l

285 3739 467 3830 Reliquum
481 3749 541 3820 est,
555 3750 592 3806 ut
605 3737 647 3806 de
656 3761 716 3804 usu
730 3739 874 3830 practico
885 3739 1100 3829 dispiciamus»
1114 3738 1148 3802 si
1160 3732 1255 3816 itaque

158 3907 159 3910 Ἴ
240 3847 427 3922 quaeratur,
442 3851 486 3898 au
501 3831 569 3898 haec
586 3830 696 3899 omniu
712 3829 890 3898 hodienum
904 3827 1026 3904 infero
1039 3813 1254 3900 observentur?
1309 3788 1313 3835 Ι
