<?xml version="1.0" encoding="UTF-8"?>
<!DOCTYPE html PUBLIC "-//W3C//DTD XHTML 1.0 Transitional//EN"
    "http://www.w3.org/TR/xhtml1/DTD/xhtml1-transitional.dtd">
<html xmlns="http://www.w3.org/1999/xhtml" xml:lang="en" lang="en">
 <head>
  <title>
</title>
<meta http-equiv="Content-Type" content="text/html;charset=utf-8" />
  <meta name='ocr-system' content='tesseract 3.04.00' />
  <meta name='ocr-capabilities' content='ocr_page ocr_carea ocr_par ocr_line ocrx_word'/>
</head>
<body>
  <div class='ocr_page' id='page_1' title='image "./recitationesine00heingoog_0338.png"; bbox 0 0 2756 4504; ppageno 0'>
   <div class='ocr_carea' id='block_1_1' title="bbox 314 214 323 244">
    <p class='ocr_par' dir='ltr' id='par_1_1' title="bbox 314 214 323 244">
     <span class='ocr_line' id='line_1_1' title="bbox 314 214 323 244; baseline 0 0"><span class='ocrx_word' id='word_1_1' title='bbox 314 214 323 244; x_wconf 79' lang='grc' dir='ltr'><strong><em>Ι</em></strong></span> 
     </span>
    </p>
   </div>
   <div class='ocr_carea' id='block_1_2' title="bbox 230 353 1150 444">
    <p class='ocr_par' dir='ltr' id='par_1_2' title="bbox 230 353 1150 444">
     <span class='ocr_line' id='line_1_2' title="bbox 230 353 1150 444; baseline 0 -20"><span class='ocrx_word' id='word_1_2' title='bbox 230 353 399 444; x_wconf 80' lang='lat' dir='ltr'>QUIBUS</span> <span class='ocrx_word' id='word_1_3' title='bbox 416 353 809 422; x_wconf 84' lang='lat' dir='ltr'><strong>ALIENARE&#39;LICET</strong></span> <span class='ocrx_word' id='word_1_4' title='bbox 823 355 920 422; x_wconf 81' lang='lat' dir='ltr'><strong>&#39;VEL</strong></span> <span class='ocrx_word' id='word_1_5' title='bbox 933 355 1046 422; x_wconf 84' lang='lat' dir='ltr'><strong>NON.</strong></span> <span class='ocrx_word' id='word_1_6' title='bbox 1085 358 1150 426; x_wconf 68' lang='lat'><strong>45¹2</strong></span> 
     </span>
    </p>
   </div>
   <div class='ocr_carea' id='block_1_3' title="bbox 130 461 1155 717">
    <p class='ocr_par' dir='ltr' id='par_1_3' title="bbox 130 461 1155 717">
     <span class='ocr_line' id='line_1_3' title="bbox 130 461 1154 552; baseline 0.007 -25"><span class='ocrx_word' id='word_1_7' title='bbox 130 465 392 547; x_wconf 73' lang='lat' dir='ltr'><strong>trosenditionis,</strong></span> <span class='ocrx_word' id='word_1_8' title='bbox 418 465 441 531; x_wconf 85' lang='lat' dir='ltr'><strong>l.</strong></span> <span class='ocrx_word' id='word_1_9' title='bbox 473 489 511 540; x_wconf 77' lang='lat' dir='ltr'><strong>s,</strong></span> <span class='ocrx_word' id='word_1_10' title='bbox 537 465 568 548; x_wconf 83' lang='lat'><strong>5·</strong></span> <span class='ocrx_word' id='word_1_11' title='bbox 594 461 702 552; x_wconf 77' lang='lat' dir='ltr'><strong>2,ff</strong></span> <span class='ocrx_word' id='word_1_12' title='bbox 728 463 803 528; x_wconf 77' lang='lat' dir='ltr'><strong>eod.</strong></span> <span class='ocrx_word' id='word_1_13' title='bbox 830 463 892 528; x_wconf 86' lang='lat' dir='ltr'><strong>His</strong></span> <span class='ocrx_word' id='word_1_14' title='bbox 916 465 1005 530; x_wconf 79' lang='lat' dir='ltr'><strong>enim</strong></span> <span class='ocrx_word' id='word_1_15' title='bbox 1030 466 1154 534; x_wconf 81' lang='lat' dir='ltr'><strong>casibus</strong></span> 
     </span>
     <span class='ocr_line' id='line_1_4' title="bbox 131 552 1155 707; baseline 0.004 -88"><span class='ocrx_word' id='word_1_16' title='bbox 131 553 282 707; x_wconf 62' lang='lat' dir='ltr'><strong>plmnibtus</strong></span> <span class='ocrx_word' id='word_1_17' title='bbox 295 565 384 629; x_wconf 84' lang='lat' dir='ltr'><strong>tutor</strong></span> <span class='ocrx_word' id='word_1_18' title='bbox 400 565 432 620; x_wconf 90' lang='lat' dir='ltr'><strong>et</strong></span> <span class='ocrx_word' id='word_1_19' title='bbox 447 555 514 620; x_wconf 89' lang='lat' dir='ltr'><strong>sine</strong></span> <span class='ocrx_word' id='word_1_20' title='bbox 529 552 925 670; x_wconf 78' lang='lat' dir='ltr'><strong>impetratumagistratus</strong></span> <span class='ocrx_word' id='word_1_21' title='bbox 938 554 1066 622; x_wconf 86' lang='lat' dir='ltr'><strong>decreto</strong></span> <span class='ocrx_word' id='word_1_22' title='bbox 1080 557 1155 646; x_wconf 86' lang='lat' dir='ltr'><strong>jure</strong></span> 
     </span>
     <span class='ocr_line' id='line_1_5' title="bbox 152 665 707 717; baseline -0.002 -5"><span class='ocrx_word' id='word_1_23' title='bbox 152 665 236 717; x_wconf 41' lang='lat' dir='ltr'><strong>,lena</strong></span> <span class='ocrx_word' id='word_1_24' title='bbox 252 686 264 710; x_wconf 80' lang='lat' dir='ltr'><strong>s</strong></span> <span class='ocrx_word' id='word_1_25' title='bbox 702 679 707 684; x_wconf 93' lang='lat'>&#39;</span> 
     </span>
    </p>
   </div>
   <div class='ocr_carea' id='block_1_4' title="bbox 71 783 1165 1844">
    <p class='ocr_par' dir='ltr' id='par_1_4' title="bbox 130 783 1159 1026">
     <span class='ocr_line' id='line_1_6' title="bbox 174 783 1156 864; baseline 0.007 -22"><span class='ocrx_word' id='word_1_26' title='bbox 174 789 318 862; x_wconf 69' lang='lat' dir='ltr'><strong>Exemplo</strong></span> <span class='ocrx_word' id='word_1_27' title='bbox 338 785 465 864; x_wconf 67' lang='lat' dir='ltr'><strong>tutona]</strong></span> <span class='ocrx_word' id='word_1_28' title='bbox 485 787 582 842; x_wconf 80' lang='lat' dir='ltr'><strong>Tutor</strong></span> <span class='ocrx_word' id='word_1_29' title='bbox 597 803 645 842; x_wconf 84' lang='lat' dir='ltr'><strong>res</strong></span> <span class='ocrx_word' id='word_1_30' title='bbox 664 783 769 860; x_wconf 89' lang='lat' dir='ltr'><strong>pupilli</strong></span> <span class='ocrx_word' id='word_1_31' title='bbox 792 783 870 842; x_wconf 75' lang='lat' dir='ltr'><strong>recte</strong></span> <span class='ocrx_word' id='word_1_32' title='bbox 886 785 1015 857; x_wconf 85' lang='lat' dir='ltr'><strong>alienat,</strong></span> <span class='ocrx_word' id='word_1_33' title='bbox 1035 789 1156 864; x_wconf 86' lang='lat' dir='ltr'><strong>quando</strong></span> 
     </span>
     <span class='ocr_line' id='line_1_7' title="bbox 131 865 1159 948; baseline 0.005 -24"><span class='ocrx_word' id='word_1_34' title='bbox 131 865 174 924; x_wconf 79' lang='lat' dir='ltr'><strong>ita</strong></span> <span class='ocrx_word' id='word_1_35' title='bbox 195 869 303 943; x_wconf 83' lang='lat' dir='ltr'>placuit</span> <span class='ocrx_word' id='word_1_36' title='bbox 317 867 447 926; x_wconf 88' lang='lat' dir='ltr'><strong>Consilio</strong></span> <span class='ocrx_word' id='word_1_37' title='bbox 459 867 591 936; x_wconf 66' lang='lat' dir='ltr'><strong>familie,</strong></span> <span class='ocrx_word' id='word_1_38' title='bbox 604 867 675 924; x_wconf 86' lang='lat' dir='ltr'><strong>Cod.</strong></span> <span class='ocrx_word' id='word_1_39' title='bbox 693 869 774 942; x_wconf 84' lang='lat' dir='ltr'><strong>Nap.</strong></span> <span class='ocrx_word' id='word_1_40' title='bbox 793 880 847 922; x_wconf 87' lang='lat' dir='ltr'><strong>art.</strong></span> <span class='ocrx_word' id='word_1_41' title='bbox 862 865 944 945; x_wconf 69' lang='lat'><strong>4575</strong></span> <span class='ocrx_word' id='word_1_42' title='bbox 959 880 988 924; x_wconf 85' lang='lat' dir='ltr'><strong>et</strong></span> <span class='ocrx_word' id='word_1_43' title='bbox 1002 881 1074 926; x_wconf 88' lang='lat' dir='ltr'><strong>tunc</strong></span> <span class='ocrx_word' id='word_1_44' title='bbox 1090 872 1159 948; x_wconf 82' lang='lat' dir='ltr'><strong>qni·</strong></span> 
     </span>
     <span class='ocr_line' id='line_1_8' title="bbox 130 948 1130 1026; baseline 0.004 -19"><span class='ocrx_word' id='word_1_45' title='bbox 130 948 201 1007; x_wconf 83' lang='lat' dir='ltr'><strong>dem</strong></span> <span class='ocrx_word' id='word_1_46' title='bbox 215 949 404 1012; x_wconf 67' lang='lat' dir='ltr'><strong>obseruanda</strong></span> <span class='ocrx_word' id='word_1_47' title='bbox 418 961 487 1006; x_wconf 86' lang='lat' dir='ltr'><strong>sunt</strong></span> <span class='ocrx_word' id='word_1_48' title='bbox 501 949 697 1006; x_wconf 75' lang='lat' dir='ltr'><strong>solemnitates</strong></span> <span class='ocrx_word' id='word_1_49' title='bbox 708 949 747 1005; x_wconf 86' lang='lat' dir='ltr'><strong>ab</strong></span> <span class='ocrx_word' id='word_1_50' title='bbox 756 948 839 1012; x_wconf 83' lang='lat' dir='ltr'><strong>artic.</strong></span> <span class='ocrx_word' id='word_1_51' title='bbox 852 955 934 1024; x_wconf 73' lang='lat' dir='ltr'><strong>seq&#39;q.</strong></span> <span class='ocrx_word' id='word_1_52' title='bbox 945 951 1130 1026; x_wconf 83' lang='lat' dir='ltr'><strong>praescriptae.</strong></span> 
     </span>
    </p>

    <p class='ocr_par' dir='ltr' id='par_1_5' title="bbox 71 1027 1165 1844">
     <span class='ocr_line' id='line_1_9' title="bbox 176 1027 1162 1111; baseline 0.007 -25"><span class='ocrx_word' id='word_1_53' title='bbox 176 1032 210 1086; x_wconf 89' lang='lat' dir='ltr'><strong>Si</strong></span> <span class='ocrx_word' id='word_1_54' title='bbox 220 1033 358 1088; x_wconf 83' lang='lat' dir='ltr'><strong>alienatio</strong></span> <span class='ocrx_word' id='word_1_55' title='bbox 361 1031 429 1105; x_wconf 82' lang='lat' dir='ltr'><strong>fiat</strong></span> <span class='ocrx_word' id='word_1_56' title='bbox 438 1051 477 1086; x_wconf 77' lang='lat' dir='ltr'><strong>ea·</strong></span> <span class='ocrx_word' id='word_1_57' title='bbox 490 1027 681 1107; x_wconf 73' lang='lat' dir='ltr'><strong>nosemiata]</strong></span> <span class='ocrx_word' id='word_1_58' title='bbox 700 1030 754 1089; x_wconf 83' lang='lat' dir='ltr'><strong>AEs</strong></span> <span class='ocrx_word' id='word_1_59' title='bbox 772 1029 899 1086; x_wconf 83' lang='lat' dir='ltr'><strong>alienum</strong></span> <span class='ocrx_word' id='word_1_60' title='bbox 912 1049 1020 1107; x_wconf 81' lang='lat' dir='ltr'><strong>urgens</strong></span> <span class='ocrx_word' id='word_1_61' title='bbox 1032 1033 1162 1111; x_wconf 82' lang='lat' dir='ltr'><strong>legitima</strong></span> 
     </span>
     <span class='ocr_line' id='line_1_10' title="bbox 71 1111 1161 1188; baseline 0.006 -20"><span class='ocrx_word' id='word_1_62' title='bbox 71 1139 81 1158; x_wconf 57' lang='grc' dir='ltr'><em>ν</em></span> <span class='ocrx_word' id='word_1_63' title='bbox 129 1113 256 1188; x_wconf 75' lang='lat' dir='ltr'><strong>,quidem</strong></span> <span class='ocrx_word' id='word_1_64' title='bbox 267 1131 354 1170; x_wconf 83' lang='lat' dir='ltr'><strong>causa</strong></span> <span class='ocrx_word' id='word_1_65' title='bbox 367 1123 411 1170; x_wconf 86' lang='lat' dir='ltr'><strong>est</strong></span> <span class='ocrx_word' id='word_1_66' title='bbox 426 1129 482 1170; x_wconf 83' lang='lat' dir='ltr'><strong>cut·</strong></span> <span class='ocrx_word' id='word_1_67' title='bbox 495 1114 607 1170; x_wconf 69' lang='lat' dir='ltr'><strong>Praetor</strong></span> <span class='ocrx_word' id='word_1_68' title='bbox 623 1111 826 1171; x_wconf 72' lang='lat' dir='ltr'><strong>alienationem</strong></span> <span class='ocrx_word' id='word_1_69' title='bbox 842 1111 991 1186; x_wconf 78' lang='lat' dir='ltr'><strong>permittat</strong></span> <span class='ocrx_word' id='word_1_70' title='bbox 1004 1135 1013 1185; x_wconf 71' lang='grc' dir='ltr'><strong>ς</strong></span> <span class='ocrx_word' id='word_1_71' title='bbox 1033 1127 1064 1171; x_wconf 87' lang='lat' dir='ltr'><strong>at</strong></span> <span class='ocrx_word' id='word_1_72' title='bbox 1082 1137 1161 1175; x_wconf 88' lang='lat' dir='ltr'><strong>nus-</strong></span> 
     </span>
     <span class='ocr_line' id='line_1_11' title="bbox 134 1193 1162 1270; baseline 0.005 -20"><span class='ocrx_word' id='word_1_73' title='bbox 134 1213 227 1270; x_wconf 84' lang='lat' dir='ltr'><strong>quam</strong></span> <span class='ocrx_word' id='word_1_74' title='bbox 241 1204 257 1263; x_wconf 69' lang='lat'><strong>,&#39;</strong></span> <span class='ocrx_word' id='word_1_75' title='bbox 269 1194 396 1268; x_wconf 77' lang='lat' dir='ltr'><strong>opinor,</strong></span> <span class='ocrx_word' id='word_1_76' title='bbox 416 1193 565 1268; x_wconf 85' lang='lat' dir='ltr'><strong>reperies,</strong></span> <span class='ocrx_word' id='word_1_77' title='bbox 581 1213 615 1250; x_wconf 86' lang='lat' dir='ltr'><strong>ex</strong></span> <span class='ocrx_word' id='word_1_78' title='bbox 630 1193 685 1250; x_wconf 82' lang='lat' dir='ltr'><strong>nte</strong></span> <span class='ocrx_word' id='word_1_79' title='bbox 700 1195 787 1253; x_wconf 78' lang='lat' dir='ltr'><strong>causa</strong></span> <span class='ocrx_word' id='word_1_80' title='bbox 804 1194 935 1267; x_wconf 85' lang='lat' dir='ltr'><strong>potuisse</strong></span> <span class='ocrx_word' id='word_1_81' title='bbox 954 1193 1040 1270; x_wconf 82' lang='lat' dir='ltr'><strong>(jure</strong></span> <span class='ocrx_word' id='word_1_82' title='bbox 1050 1199 1162 1259; x_wconf 81' lang='lat' dir='ltr'><strong>Roma-</strong></span> 
     </span>
     <span class='ocr_line' id='line_1_12' title="bbox 135 1274 1165 1356; baseline 0.008 -25"><span class='ocrx_word' id='word_1_83' title='bbox 135 1275 191 1352; x_wconf 88' lang='lat' dir='ltr'><strong>no)</strong></span> <span class='ocrx_word' id='word_1_84' title='bbox 201 1274 265 1332; x_wconf 81' lang='lat' dir='ltr'><strong>fieri</strong></span> <span class='ocrx_word' id='word_1_85' title='bbox 280 1275 484 1334; x_wconf 82' lang='lat' dir='ltr'><strong>alienationem</strong></span> <span class='ocrx_word' id='word_1_86' title='bbox 495 1295 557 1334; x_wconf 87' lang='lat' dir='ltr'><strong>uon</strong></span> <span class='ocrx_word' id='word_1_87' title='bbox 573 1274 783 1332; x_wconf 84' lang='lat' dir='ltr'><strong>interveniente</strong></span> <span class='ocrx_word' id='word_1_88' title='bbox 793 1275 910 1356; x_wconf 79' lang='lat' dir='ltr'><strong>decreto</strong></span> <span class='ocrx_word' id='word_1_89' title='bbox 921 1277 1065 1338; x_wconf 81' lang='lat' dir='ltr'><strong>Praetoris.</strong></span> <span class='ocrx_word' id='word_1_90' title='bbox 1075 1281 1165 1339; x_wconf 83' lang='lat' dir='ltr'><strong>Errat</strong></span> 
     </span>
     <span class='ocr_line' id='line_1_13' title="bbox 134 1351 1162 1436; baseline 0.01 -24"><span class='ocrx_word' id='word_1_91' title='bbox 134 1357 228 1432; x_wconf 86' lang='lat' dir='ltr'><strong>igitur</strong></span> <span class='ocrx_word' id='word_1_92' title='bbox 238 1357 418 1426; x_wconf 87' lang='lat' dir='ltr'><strong>Heineccius‚</strong></span> <span class='ocrx_word' id='word_1_93' title='bbox 425 1358 498 1416; x_wconf 89' lang='lat' dir='ltr'><strong>dum</strong></span> <span class='ocrx_word' id='word_1_94' title='bbox 509 1368 593 1414; x_wconf 89' lang='lat' dir='ltr'><strong>notat</strong></span> <span class='ocrx_word' id='word_1_95' title='bbox 601 1357 677 1414; x_wconf 89' lang='lat' dir='ltr'><strong>hanc</strong></span> <span class='ocrx_word' id='word_1_96' title='bbox 686 1351 804 1414; x_wconf 82' lang='lat' dir='ltr'><strong>causam</strong></span> <span class='ocrx_word' id='word_1_97' title='bbox 811 1366 953 1434; x_wconf 78' lang='lat' dir='ltr'><strong>tanquam</strong></span> <span class='ocrx_word' id='word_1_98' title='bbox 962 1361 1162 1436; x_wconf 83' lang='lat' dir='ltr'><strong>exceptionem</strong></span> 
     </span>
     <span class='ocr_line' id='line_1_14' title="bbox 137 1433 1160 1520; baseline 0.007 -26"><span class='ocrx_word' id='word_1_99' title='bbox 137 1438 156 1493; x_wconf 79' lang='lat' dir='ltr'><strong>a</strong></span> <span class='ocrx_word' id='word_1_100' title='bbox 175 1439 288 1514; x_wconf 82' lang='lat' dir='ltr'><strong>regula.</strong></span> <span class='ocrx_word' id='word_1_101' title='bbox 304 1439 399 1494; x_wconf 77' lang='lat' dir='ltr'><strong>Immo</strong></span> <span class='ocrx_word' id='word_1_102' title='bbox 413 1437 490 1494; x_wconf 90' lang='lat' dir='ltr'><strong>enim</strong></span> <span class='ocrx_word' id='word_1_103' title='bbox 500 1478 508 1506; x_wconf 87' lang='lat'><strong>,</strong></span> <span class='ocrx_word' id='word_1_104' title='bbox 520 1437 583 1514; x_wconf 88' lang='lat' dir='ltr'><strong>ipsa</strong></span> <span class='ocrx_word' id='word_1_105' title='bbox 596 1438 687 1499; x_wconf 79' lang='lat' dir='ltr'><strong>verba</strong></span> <span class='ocrx_word' id='word_1_106' title='bbox 700 1437 770 1516; x_wconf 86' lang='lat' dir='ltr'><strong>legis</strong></span> <span class='ocrx_word' id='word_1_107' title='bbox 782 1439 816 1506; x_wconf 91' lang='lat'><strong>1,</strong></span> <span class='ocrx_word' id='word_1_108' title='bbox 833 1433 917 1516; x_wconf 76' lang='lat'><strong>5..·2‚</strong></span> <span class='ocrx_word' id='word_1_109' title='bbox 932 1459 1023 1516; x_wconf 88' lang='lat' dir='ltr'><strong>quam</strong></span> <span class='ocrx_word' id='word_1_110' title='bbox 1035 1443 1160 1520; x_wconf 80' lang='lat' dir='ltr'><strong>allegat,</strong></span> 
     </span>
     <span class='ocr_line' id='line_1_15' title="bbox 133 1520 1162 1592; baseline 0.01 -18"><span class='ocrx_word' id='word_1_111' title='bbox 133 1520 265 1588; x_wconf 65' lang='lat' dir='ltr'><strong>uolunt,</strong></span> <span class='ocrx_word' id='word_1_112' title='bbox 283 1525 339 1588; x_wconf 76' lang='lat' dir='ltr'><strong>ul,</strong></span> <span class='ocrx_word' id='word_1_113' title='bbox 360 1522 387 1575; x_wconf 84' lang='lat' dir='ltr'><strong>si</strong></span> <span class='ocrx_word' id='word_1_114' title='bbox 388 1520 472 1592; x_wconf 78' lang='lat' dir='ltr'><strong>forte¹</strong></span> <span class='ocrx_word' id='word_1_115' title='bbox 488 1539 530 1576; x_wconf 85' lang='lat' dir='ltr'><strong>aes</strong></span> <span class='ocrx_word' id='word_1_116' title='bbox 544 1521 670 1576; x_wconf 81' lang='lat' dir='ltr'><strong>alienum</strong></span> <span class='ocrx_word' id='word_1_117' title='bbox 686 1533 795 1576; x_wconf 83' lang='lat' dir='ltr'><strong>tantum</strong></span> <span class='ocrx_word' id='word_1_118' title='bbox 815 1523 882 1588; x_wconf 81' lang='lat' dir='ltr'><strong>crit,</strong></span> <span class='ocrx_word' id='word_1_119' title='bbox 896 1535 928 1576; x_wconf 88' lang='lat' dir='ltr'><strong>ut</strong></span> <span class='ocrx_word' id='word_1_120' title='bbox 944 1541 982 1578; x_wconf 78' lang='lat' dir='ltr'><strong>ec</strong></span> <span class='ocrx_word' id='word_1_121' title='bbox 998 1525 1082 1582; x_wconf 87' lang='lat' dir='ltr'><strong>rebus</strong></span> <span class='ocrx_word' id='word_1_122' title='bbox 1099 1547 1162 1584; x_wconf 85' lang='lat' dir='ltr'><strong>coe-</strong></span> 
     </span>
     <span class='ocr_line' id='line_1_16' title="bbox 136 1602 1161 1684; baseline 0.006 -28"><span class='ocrx_word' id='word_1_123' title='bbox 136 1602 203 1656; x_wconf 81' lang='lat' dir='ltr'><strong>teris</strong></span> <span class='ocrx_word' id='word_1_124' title='bbox 231 1621 288 1658; x_wconf 83' lang='lat' dir='ltr'><strong>non</strong></span> <span class='ocrx_word' id='word_1_125' title='bbox 309 1603 402 1676; x_wconf 82' lang='lat' dir='ltr'><strong>possit</strong></span> <span class='ocrx_word' id='word_1_126' title='bbox 428 1603 538 1658; x_wconf 76' lang='lat' dir='ltr'><strong>exsolvi</strong></span> <span class='ocrx_word' id='word_1_127' title='bbox 546 1641 555 1668; x_wconf 91' lang='lat'><strong>,</strong></span> <span class='ocrx_word' id='word_1_128' title='bbox 585 1618 676 1684; x_wconf 71' lang='lat' dir='ltr'><strong>punc</strong></span> <span class='ocrx_word' id='word_1_129' title='bbox 696 1603 845 1660; x_wconf 63' lang='lat' dir='ltr'><strong>Pitanen</strong></span> <span class='ocrx_word' id='word_1_130' title='bbox 875 1619 1066 1674; x_wconf 66' lang='lat' dir='ltr'><strong>ansanus,</strong></span> <span class='ocrx_word' id='word_1_131' title='bbox 1087 1613 1161 1682; x_wconf 82' lang='lat' dir='ltr'><strong>qui,</strong></span> 
     </span>
     <span class='ocr_line' id='line_1_17' title="bbox 136 1683 1162 1766; baseline 0.008 -28"><span class='ocrx_word' id='word_1_132' title='bbox 136 1701 192 1756; x_wconf 84' lang='lat' dir='ltr'><strong>pro</strong></span> <span class='ocrx_word' id='word_1_133' title='bbox 213 1683 269 1738; x_wconf 76' lang='lat' dir='ltr'><strong>sud</strong></span> <span class='ocrx_word' id='word_1_134' title='bbox 285 1684 423 1756; x_wconf 69' lang='lat' dir='ltr'><strong>relt&#39;giom</strong></span> <span class='ocrx_word' id='word_1_135' title='bbox 441 1723 449 1752; x_wconf 92' lang='lat'><strong>,</strong></span> <span class='ocrx_word' id='word_1_136' title='bbox 469 1685 591 1740; x_wconf 81' lang='lat' dir='ltr'><strong>oestt&#39;mct</strong></span> <span class='ocrx_word' id='word_1_137' title='bbox 609 1724 620 1752; x_wconf 93' lang='lat'><strong>,</strong></span> <span class='ocrx_word' id='word_1_138' title='bbox 648 1701 715 1757; x_wconf 86' lang='lat' dir='ltr'><strong>quoe</strong></span> <span class='ocrx_word' id='word_1_139' title='bbox 727 1685 845 1761; x_wconf 82' lang='lat' dir='ltr'><strong>possint</strong></span> <span class='ocrx_word' id='word_1_140' title='bbox 862 1685 989 1741; x_wconf 82' lang='lat' dir='ltr'><strong>alienari</strong></span> <span class='ocrx_word' id='word_1_141' title='bbox 1007 1687 1162 1766; x_wconf 56' lang='lat' dir='ltr'><strong>obltgran&#39;ve</strong></span> 
     </span>
     <span class='ocr_line' id='line_1_18' title="bbox 136 1763 1025 1844; baseline 0.01 -27"><span class='ocrx_word' id='word_1_142' title='bbox 136 1763 271 1824; x_wconf 81' lang='lat' dir='ltr'><strong>debeant.</strong></span> <span class='ocrx_word' id='word_1_143' title='bbox 286 1765 324 1821; x_wconf 88' lang='lat' dir='ltr'><strong>Et</strong></span> <span class='ocrx_word' id='word_1_144' title='bbox 341 1764 381 1820; x_wconf 83' lang='lat' dir='ltr'><strong>ita</strong></span> <span class='ocrx_word' id='word_1_145' title='bbox 400 1765 544 1821; x_wconf 84' lang='lat' dir='ltr'><strong>consentit</strong></span> <span class='ocrx_word' id='word_1_146' title='bbox 561 1763 612 1837; x_wconf 88' lang='lat' dir='ltr'><strong>jus</strong></span> <span class='ocrx_word' id='word_1_147' title='bbox 631 1765 799 1822; x_wconf 84' lang='lat' dir='ltr'><strong>Romanum</strong></span> <span class='ocrx_word' id='word_1_148' title='bbox 817 1783 885 1826; x_wconf 87' lang='lat' dir='ltr'><strong>oum</strong></span> <span class='ocrx_word' id='word_1_149' title='bbox 902 1767 1025 1844; x_wconf 75' lang='lat' dir='ltr'><strong>Gallico.</strong></span> 
     </span>
    </p>
   </div>
   <div class='ocr_carea' id='block_1_5' title="bbox 145 1957 1198 1998">
    <p class='ocr_par' dir='ltr' id='par_1_6' title="bbox 145 1957 1198 1998">
     <span class='ocr_line' id='line_1_19' title="bbox 145 1957 1198 1998; baseline 0.002 -16"><span class='ocrx_word' id='word_1_150' title='bbox 145 1957 1166 1998; x_wconf 38' lang='lat' dir='ltr'><strong>mmm-w</strong></span> <span class='ocrx_word' id='word_1_151' title='bbox 1196 1990 1198 1994; x_wconf 29' lang='grc' dir='ltr'>Ι</span> 
     </span>
    </p>
   </div>
   <div class='ocr_carea' id='block_1_6' title="bbox 410 2078 969 2236">
    <p class='ocr_par' dir='ltr' id='par_1_7' title="bbox 410 2067 969 2236">
     <span class='ocr_line' id='line_1_20' title="bbox 410 2078 969 2236; baseline 0.007 -45"><span class='ocrx_word' id='word_1_152' title='bbox 410 2078 969 2236; x_wconf 50' lang='lat' dir='ltr'><strong>Tisanustx.l</strong></span> 
     </span>
    </p>
   </div>
   <div class='ocr_carea' id='block_1_7' title="bbox 137 2297 1071 2402">
    <p class='ocr_par' dir='ltr' id='par_1_8' title="bbox 137 2297 1071 2402">
     <span class='ocr_line' id='line_1_21' title="bbox 137 2297 1071 2402; baseline 0.015 -32"><span class='ocrx_word' id='word_1_153' title='bbox 137 2318 142 2324; x_wconf 88' lang='grc'><strong><em>·</em></strong></span> <span class='ocrx_word' id='word_1_154' title='bbox 230 2297 319 2372; x_wconf 87' lang='lat' dir='ltr'><strong>Per</strong></span> <span class='ocrx_word' id='word_1_155' title='bbox 330 2325 435 2400; x_wconf 84' lang='lat' dir='ltr'><strong>quas</strong></span> <span class='ocrx_word' id='word_1_156' title='bbox 449 2299 654 2376; x_wconf 76' lang='lat' dir='ltr'><strong>Personas</strong></span> <span class='ocrx_word' id='word_1_157' title='bbox 670 2305 815 2402; x_wconf 85' lang='lat' dir='ltr'><strong>cuique</strong></span> <span class='ocrx_word' id='word_1_158' title='bbox 834 2305 1071 2402; x_wconf 73' lang='lat' dir='ltr'><strong>adquiritur.</strong></span> 
     </span>
    </p>
   </div>
   <div class='ocr_carea' id='block_1_8' title="bbox 475 2488 825 2576">
    <p class='ocr_par' dir='ltr' id='par_1_9' title="bbox 475 2488 825 2576">
     <span class='ocr_line' id='line_1_22' title="bbox 475 2488 825 2576; baseline 0.017 -22"><span class='ocrx_word' id='word_1_159' title='bbox 475 2489 506 2576; x_wconf 69' lang='lat' dir='ltr'><strong>s,</strong></span> <span class='ocrx_word' id='word_1_160' title='bbox 531 2488 825 2560; x_wconf 80' lang='lat' dir='ltr'><strong>coconxtx.</strong></span> 
     </span>
    </p>
   </div>
   <div class='ocr_carea' id='block_1_9' title="bbox 73 2615 1173 3813">
    <p class='ocr_par' dir='ltr' id='par_1_10' title="bbox 73 2615 1173 3813">
     <span class='ocr_line' id='line_1_23' title="bbox 144 2615 1169 2750; baseline 0.014 -22"><span class='ocrx_word' id='word_1_161' title='bbox 144 2615 358 2728; x_wconf 67' lang='lat' dir='ltr'><strong>Mannum</strong></span> <span class='ocrx_word' id='word_1_162' title='bbox 375 2659 414 2726; x_wconf 87' lang='lat' dir='ltr'><strong>de</strong></span> <span class='ocrx_word' id='word_1_163' title='bbox 435 2661 540 2726; x_wconf 89' lang='lat' dir='ltr'><strong>modis</strong></span> <span class='ocrx_word' id='word_1_164' title='bbox 555 2661 745 2750; x_wconf 81' lang='lat' dir='ltr'><strong>adquirendi</strong></span> <span class='ocrx_word' id='word_1_165' title='bbox 761 2662 960 2731; x_wconf 81' lang='lat' dir='ltr'><strong>lastinianus</strong></span> <span class='ocrx_word' id='word_1_166' title='bbox 971 2665 1169 2742; x_wconf 78' lang='lat' dir='ltr'><strong>intermiscet</strong></span> 
     </span>
     <span class='ocr_line' id='line_1_24' title="bbox 144 2751 1168 2848; baseline 0.014 -32"><span class='ocrx_word' id='word_1_167' title='bbox 144 2751 354 2840; x_wconf 84' lang='lat' dir='ltr'><strong>quaestionem</strong></span> <span class='ocrx_word' id='word_1_168' title='bbox 374 2751 413 2814; x_wconf 89' lang='lat' dir='ltr'><strong>dc</strong></span> <span class='ocrx_word' id='word_1_169' title='bbox 438 2751 601 2838; x_wconf 85' lang='lat' dir='ltr'><strong>personis,</strong></span> <span class='ocrx_word' id='word_1_170' title='bbox 624 2773 682 2840; x_wconf 85' lang='lat' dir='ltr'><strong>per</strong></span> <span class='ocrx_word' id='word_1_171' title='bbox 703 2773 781 2838; x_wconf 88' lang='lat' dir='ltr'><strong>quas</strong></span> <span class='ocrx_word' id='word_1_172' title='bbox 805 2753 1024 2842; x_wconf 78' lang='lat' dir='ltr'><strong>adquirimus,</strong></span> <span class='ocrx_word' id='word_1_173' title='bbox 1047 2785 1121 2848; x_wconf 81' lang='lat' dir='ltr'><strong>qnae</strong></span> <span class='ocrx_word' id='word_1_174' title='bbox 1136 2779 1168 2830; x_wconf 83' lang='lat' dir='ltr'><strong>ct</strong></span> 
     </span>
     <span class='ocr_line' id='line_1_25' title="bbox 144 2839 1171 2926; baseline 0.013 -20"><span class='ocrx_word' id='word_1_175' title='bbox 144 2842 273 2925; x_wconf 83' lang='lat' dir='ltr'><strong>elegans</strong></span> <span class='ocrx_word' id='word_1_176' title='bbox 292 2851 324 2903; x_wconf 87' lang='lat' dir='ltr'><strong>et</strong></span> <span class='ocrx_word' id='word_1_177' title='bbox 339 2861 413 2904; x_wconf 88' lang='lat' dir='ltr'><strong>vere</strong></span> <span class='ocrx_word' id='word_1_178' title='bbox 426 2839 569 2926; x_wconf 84' lang='lat' dir='ltr'><strong>practica</strong></span> <span class='ocrx_word' id='word_1_179' title='bbox 588 2853 644 2904; x_wconf 88' lang='lat' dir='ltr'><strong>cst.</strong></span> <span class='ocrx_word' id='word_1_180' title='bbox 662 2839 709 2904; x_wconf 89' lang='lat' dir='ltr'><strong>Ut</strong></span> <span class='ocrx_word' id='word_1_181' title='bbox 731 2861 809 2907; x_wconf 83' lang='lat' dir='ltr'><strong>vcro</strong></span> <span class='ocrx_word' id='word_1_182' title='bbox 829 2866 899 2908; x_wconf 83' lang='lat' dir='ltr'><strong>rem</strong></span> <span class='ocrx_word' id='word_1_183' title='bbox 914 2845 1032 2912; x_wconf 82' lang='lat' dir='ltr'><strong>clarius</strong></span> <span class='ocrx_word' id='word_1_184' title='bbox 1048 2853 1171 2918; x_wconf 86' lang='lat' dir='ltr'><strong>intelli-</strong></span> 
     </span>
     <span class='ocr_line' id='line_1_26' title="bbox 145 2928 1169 3030; baseline 0.01 -39"><span class='ocrx_word' id='word_1_185' title='bbox 145 2949 282 3018; x_wconf 86' lang='lat' dir='ltr'><strong>gamus,</strong></span> <span class='ocrx_word' id='word_1_186' title='bbox 301 2928 393 2991; x_wconf 85' lang='lat' dir='ltr'><strong>more</strong></span> <span class='ocrx_word' id='word_1_187' title='bbox 413 2939 521 2991; x_wconf 84' lang='lat' dir='ltr'><strong>nostro</strong></span> <span class='ocrx_word' id='word_1_188' title='bbox 540 2928 768 3030; x_wconf 78' lang='lat' dir='ltr'><strong>praemittimus</strong></span> <span class='ocrx_word' id='word_1_189' title='bbox 785 2932 940 3014; x_wconf 79' lang='lat' dir='ltr'><strong>axioma,</strong></span> <span class='ocrx_word' id='word_1_190' title='bbox 958 2957 1001 3002; x_wconf 81' lang='lat' dir='ltr'><strong>cx</strong></span> <span class='ocrx_word' id='word_1_191' title='bbox 1024 2961 1089 3024; x_wconf 90' lang='lat' dir='ltr'><strong>quo</strong></span> <span class='ocrx_word' id='word_1_192' title='bbox 1110 2965 1169 3010; x_wconf 75' lang='lat' dir='ltr'><strong>sua</strong></span> 
     </span>
     <span class='ocr_line' id='line_1_27' title="bbox 73 3014 1171 3106; baseline 0.016 -27"><span class='ocrx_word' id='word_1_193' title='bbox 73 3040 80 3052; x_wconf 52' lang='lat' dir='ltr'><em>s</em></span> <span class='ocrx_word' id='word_1_194' title='bbox 145 3027 258 3106; x_wconf 86' lang='lat' dir='ltr'><strong>sponte</strong></span> <span class='ocrx_word' id='word_1_195' title='bbox 284 3014 390 3080; x_wconf 84' lang='lat' dir='ltr'><strong>fluant</strong></span> <span class='ocrx_word' id='word_1_196' title='bbox 411 3017 631 3082; x_wconf 81' lang='lat' dir='ltr'><strong>conclusiones</strong></span> <span class='ocrx_word' id='word_1_197' title='bbox 652 3017 750 3082; x_wconf 83' lang='lat' dir='ltr'><strong>totius</strong></span> <span class='ocrx_word' id='word_1_198' title='bbox 773 3019 871 3106; x_wconf 88' lang='lat' dir='ltr'><strong>hujus</strong></span> <span class='ocrx_word' id='word_1_199' title='bbox 890 3022 1057 3094; x_wconf 83' lang='lat' dir='ltr'><strong>doctrinae.</strong></span> <span class='ocrx_word' id='word_1_200' title='bbox 1080 3030 1171 3102; x_wconf 87' lang='lat' dir='ltr'><strong>lllud</strong></span> 
     </span>
     <span class='ocr_line' id='line_1_28' title="bbox 145 3104 1167 3206; baseline 0.016 -36"><span class='ocrx_word' id='word_1_201' title='bbox 145 3107 210 3170; x_wconf 82' lang='lat' dir='ltr'><strong>tale</strong></span> <span class='ocrx_word' id='word_1_202' title='bbox 224 3104 285 3169; x_wconf 85' lang='lat' dir='ltr'><strong>erit</strong></span> <span class='ocrx_word' id='word_1_203' title='bbox 300 3128 308 3165; x_wconf 74' lang='grc' dir='ltr'><strong><em>ε</em></strong></span> <span class='ocrx_word' id='word_1_204' title='bbox 326 3104 539 3192; x_wconf 83' lang='lat' dir='ltr'><strong>Adquiritur</strong></span> <span class='ocrx_word' id='word_1_205' title='bbox 560 3106 656 3172; x_wconf 81' lang='lat' dir='ltr'><strong>nohis</strong></span> <span class='ocrx_word' id='word_1_206' title='bbox 676 3107 745 3171; x_wconf 84' lang='lat' dir='ltr'><strong>non</strong></span> <span class='ocrx_word' id='word_1_207' title='bbox 763 3110 875 3174; x_wconf 86' lang='lat' dir='ltr'><strong>solum</strong></span> <span class='ocrx_word' id='word_1_208' title='bbox 890 3135 954 3197; x_wconf 84' lang='lat' dir='ltr'><strong>per</strong></span> <span class='ocrx_word' id='word_1_209' title='bbox 968 3137 1030 3180; x_wconf 84' lang='lat' dir='ltr'><strong>nos</strong></span> <span class='ocrx_word' id='word_1_210' title='bbox 1051 3118 1167 3206; x_wconf 85' lang='lat' dir='ltr'><strong>ipsos,</strong></span> 
     </span>
     <span class='ocr_line' id='line_1_29' title="bbox 138 3194 1169 3292; baseline 0.015 -34"><span class='ocrx_word' id='word_1_211' title='bbox 138 3195 207 3260; x_wconf 72' lang='lat' dir='ltr'><strong>‘secl</strong></span> <span class='ocrx_word' id='word_1_212' title='bbox 223 3204 256 3257; x_wconf 83' lang='lat' dir='ltr'><strong>et</strong></span> <span class='ocrx_word' id='word_1_213' title='bbox 265 3217 332 3280; x_wconf 84' lang='lat' dir='ltr'><strong>per</strong></span> <span class='ocrx_word' id='word_1_214' title='bbox 347 3217 400 3258; x_wconf 81' lang='lat' dir='ltr'><strong>res</strong></span> <span class='ocrx_word' id='word_1_215' title='bbox 421 3194 625 3259; x_wconf 67' lang='lat' dir='ltr'><strong>nostras.&#39;E.</strong></span> <span class='ocrx_word' id='word_1_216' title='bbox 649 3217 680 3282; x_wconf 89' lang='lat' dir='ltr'><strong>g.</strong></span> <span class='ocrx_word' id='word_1_217' title='bbox 703 3218 801 3262; x_wconf 86' lang='lat' dir='ltr'><strong>nemo</strong></span> <span class='ocrx_word' id='word_1_218' title='bbox 823 3199 970 3286; x_wconf 85' lang='lat' dir='ltr'><strong>dubitat,</strong></span> <span class='ocrx_word' id='word_1_219' title='bbox 994 3205 1075 3292; x_wconf 88' lang='lat' dir='ltr'><strong>quin</strong></span> <span class='ocrx_word' id='word_1_220' title='bbox 1095 3233 1169 3279; x_wconf 81' lang='lat' dir='ltr'><strong>mea</strong></span> 
     </span>
     <span class='ocr_line' id='line_1_30' title="bbox 147 3282 1170 3380; baseline 0.019 -34"><span class='ocrx_word' id='word_1_221' title='bbox 147 3283 188 3347; x_wconf 89' lang='lat' dir='ltr'><strong>sit</strong></span> <span class='ocrx_word' id='word_1_222' title='bbox 207 3282 344 3370; x_wconf 86' lang='lat' dir='ltr'><strong>pecunia</strong></span> <span class='ocrx_word' id='word_1_223' title='bbox 354 3331 364 3364; x_wconf 90' lang='lat'>‚</span> <span class='ocrx_word' id='word_1_224' title='bbox 379 3305 479 3369; x_wconf 88' lang='lat' dir='ltr'><strong>quam</strong></span> <span class='ocrx_word' id='word_1_225' title='bbox 494 3286 568 3370; x_wconf 88' lang='lat' dir='ltr'><strong>equi</strong></span> <span class='ocrx_word' id='word_1_226' title='bbox 589 3285 652 3348; x_wconf 84' lang='lat' dir='ltr'><strong>mei</strong></span> <span class='ocrx_word' id='word_1_227' title='bbox 669 3285 774 3372; x_wconf 85' lang='lat' dir='ltr'><strong>operis</strong></span> <span class='ocrx_word' id='word_1_228' title='bbox 792 3287 855 3352; x_wconf 88' lang='lat' dir='ltr'><strong>suis</strong></span> <span class='ocrx_word' id='word_1_229' title='bbox 874 3291 1074 3380; x_wconf 83' lang='lat' dir='ltr'><strong>adquirunt3</strong></span> <span class='ocrx_word' id='word_1_230' title='bbox 1096 3321 1170 3368; x_wconf 86' lang='lat' dir='ltr'><strong>mea</strong></span> 
     </span>
     <span class='ocr_line' id='line_1_31' title="bbox 148 3371 1172 3466; baseline 0.016 -30"><span class='ocrx_word' id='word_1_231' title='bbox 148 3371 189 3436; x_wconf 89' lang='lat' dir='ltr'><strong>sit</strong></span> <span class='ocrx_word' id='word_1_232' title='bbox 208 3371 351 3451; x_wconf 86' lang='lat' dir='ltr'><strong>avicula,</strong></span> <span class='ocrx_word' id='word_1_233' title='bbox 369 3393 469 3458; x_wconf 89' lang='lat' dir='ltr'><strong>quam</strong></span> <span class='ocrx_word' id='word_1_234' title='bbox 487 3372 640 3460; x_wconf 85' lang='lat' dir='ltr'><strong>accipiter</strong></span> <span class='ocrx_word' id='word_1_235' title='bbox 657 3395 746 3440; x_wconf 87' lang='lat' dir='ltr'><strong>meus</strong></span> <span class='ocrx_word' id='word_1_236' title='bbox 758 3377 862 3466; x_wconf 87' lang='lat' dir='ltr'><strong>cepit,</strong></span> <span class='ocrx_word' id='word_1_237' title='bbox 876 3387 937 3444; x_wconf 85' lang='lat' dir='ltr'><strong>e&#39;tc.</strong></span> <span class='ocrx_word' id='word_1_238' title='bbox 957 3382 1172 3456; x_wconf 66' lang='lat' dir='ltr'><strong>Demonstra-</strong></span> 
     </span>
     <span class='ocr_line' id='line_1_32' title="bbox 147 3460 1173 3555; baseline 0.019 -29"><span class='ocrx_word' id='word_1_239' title='bbox 147 3463 194 3526; x_wconf 85' lang='lat' dir='ltr'><strong>tio</strong></span> <span class='ocrx_word' id='word_1_240' title='bbox 213 3460 310 3550; x_wconf 87' lang='lat' dir='ltr'><strong>hujus</strong></span> <span class='ocrx_word' id='word_1_241' title='bbox 325 3461 495 3525; x_wconf 85' lang='lat' dir='ltr'><strong>axiomatis</strong></span> <span class='ocrx_word' id='word_1_242' title='bbox 508 3461 645 3550; x_wconf 88' lang='lat' dir='ltr'><strong>pelenda</strong></span> <span class='ocrx_word' id='word_1_243' title='bbox 661 3485 704 3526; x_wconf 81' lang='lat' dir='ltr'><strong>ex</strong></span> <span class='ocrx_word' id='word_1_244' title='bbox 719 3463 856 3552; x_wconf 85' lang='lat' dir='ltr'><strong>allegato</strong></span> <span class='ocrx_word' id='word_1_245' title='bbox 869 3470 899 3555; x_wconf 91' lang='lat'><strong>5</strong></span> <span class='ocrx_word' id='word_1_246' title='bbox 915 3471 999 3554; x_wconf 74' lang='lat' dir='ltr'><strong>ast,</strong></span> <span class='ocrx_word' id='word_1_247' title='bbox 1015 3474 1071 3541; x_wconf 93' lang='lat' dir='ltr'><strong>ubi</strong></span> <span class='ocrx_word' id='word_1_248' title='bbox 1085 3479 1173 3546; x_wconf 89' lang='lat' dir='ltr'><strong>dixi-</strong></span> 
     </span>
     <span class='ocr_line' id='line_1_33' title="bbox 148 3549 1173 3654; baseline 0.021 -41"><span class='ocrx_word' id='word_1_249' title='bbox 148 3573 241 3630; x_wconf 91' lang='lat' dir='ltr'><strong>mus,</strong></span> <span class='ocrx_word' id='word_1_250' title='bbox 255 3549 467 3616; x_wconf 83' lang='lat' dir='ltr'><strong>accessorium</strong></span> <span class='ocrx_word' id='word_1_251' title='bbox 479 3551 569 3637; x_wconf 87' lang='lat' dir='ltr'><strong>sequi</strong></span> <span class='ocrx_word' id='word_1_252' title='bbox 582 3574 678 3616; x_wconf 90' lang='lat' dir='ltr'><strong>suum</strong></span> <span class='ocrx_word' id='word_1_253' title='bbox 691 3553 888 3646; x_wconf 80' lang='lat' dir='ltr'><strong>principale,</strong></span> <span class='ocrx_word' id='word_1_254' title='bbox 901 3560 1064 3650; x_wconf 88' lang='lat' dir='ltr'><strong>adeoque,</strong></span> <span class='ocrx_word' id='word_1_255' title='bbox 1080 3572 1173 3654; x_wconf 80' lang='lat' dir='ltr'><strong>quic·</strong></span> 
     </span>
     <span class='ocr_line' id='line_1_34' title="bbox 148 3639 1173 3734; baseline 0.02 -31"><span class='ocrx_word' id='word_1_256' title='bbox 148 3640 228 3730; x_wconf 86' lang='lat' dir='ltr'><strong>quid</strong></span> <span class='ocrx_word' id='word_1_257' title='bbox 241 3639 293 3708; x_wconf 83' lang='lat' dir='ltr'><strong>¹vel</strong></span> <span class='ocrx_word' id='word_1_258' title='bbox 304 3651 429 3703; x_wconf 83' lang='lat' dir='ltr'><strong>naturae</strong></span> <span class='ocrx_word' id='word_1_259' title='bbox 443 3639 597 3705; x_wconf 86' lang='lat' dir='ltr'><strong>beneficio</strong></span> <span class='ocrx_word' id='word_1_260' title='bbox 610 3641 661 3708; x_wconf 83' lang='lat' dir='ltr'><strong>vel</strong></span> <span class='ocrx_word' id='word_1_261' title='bbox 673 3651 741 3709; x_wconf 82' lang='lat' dir='ltr'><strong>erte</strong></span> <span class='ocrx_word' id='word_1_262' title='bbox 756 3657 851 3734; x_wconf 84' lang='lat' dir='ltr'><strong>atque</strong></span> <span class='ocrx_word' id='word_1_263' title='bbox 866 3647 1022 3720; x_wconf 74' lang='lat' dir='ltr'><strong>industria</strong></span> <span class='ocrx_word' id='word_1_264' title='bbox 1036 3655 1084 3720; x_wconf 87' lang='lat' dir='ltr'><strong>rei</strong></span> <span class='ocrx_word' id='word_1_265' title='bbox 1094 3680 1173 3730; x_wconf 80' lang='lat' dir='ltr'><strong>nos·</strong></span> 
     </span>
     <span class='ocr_line' id='line_1_35' title="bbox 147 3729 613 3813; baseline 0.011 -19"><span class='ocrx_word' id='word_1_266' title='bbox 147 3741 209 3796; x_wconf 82' lang='lat' dir='ltr'><strong>trae</strong></span> <span class='ocrx_word' id='word_1_267' title='bbox 220 3729 363 3813; x_wconf 63' lang='lat' dir='ltr'><strong>coemat,</strong></span> <span class='ocrx_word' id='word_1_268' title='bbox 378 3742 526 3798; x_wconf 82' lang='lat' dir='ltr'><strong>nostrum</strong></span> <span class='ocrx_word' id='word_1_269' title='bbox 538 3734 613 3799; x_wconf 80' lang='lat' dir='ltr'><strong>essa.</strong></span> 
     </span>
    </p>
   </div>
   <div class='ocr_carea' id='block_1_10' title="bbox 0 0 1403 4504">
    <p class='ocr_par' dir='ltr' id='par_1_11' title="bbox 0 0 1403 4504">
     <span class='ocr_line' id='line_1_36' title="bbox 0 0 1403 4504; baseline 0 0"><span class='ocrx_word' id='word_1_270' title='bbox 0 0 1403 4504; x_wconf 95' lang='lat' dir='ltr'><strong> </strong></span> 
     </span>
    </p>
   </div>
  </div>
 </body>
</html>
