2756 4504
379 300 449 369 DE
475 297 912 368 DONA'rtortIBUS.
1096 297 1161 366 tae

137 403 263 472 liberos.
283 407 491 474 Jura'eutem
506 421 721 498 patronorum
734 431 799 472 non
813 410 922 474 statim
940 419 1013 474 sunt
1029 407 1070 472 ad
1085 403 1164 472 alios

142 497 347 584 porrigenda.
372 499 431 562 Ast
461 500 607 563 doctores
627 511 697 562 tam
717 499 780 563 late
802 499 1056 586 interpretamur
1078 499 1165 561 hanc

142 585 263 672 tegern,
276 598 312 650 ut
323 587 474 652 omnibus
484 588 692 674 donatoribus
704 588 765 650 hoc
777 587 829 672 jus
842 588 932 652 indul
957 598 1050 663 eant,
1061 587 1166 651 immo

139 687 171 738 et
187 674 263 761 ipsis
275 673 381 740 liberis
393 677 591 740 donatorum
603 675 912 764 supervenientibus.
929 607 1061 742 ireritt.
1080 673 1162 738 otu.

140 761 163 826 1.
179 765 224 828 II
233 812 243 842 ,
257 787 286 828 c.
300 762 360 829 34.
378 767 421 830 Et
435 767 585 852 quamvis
601 787 669 830 non
685 765 744 830 alia
760 765 883 830 ratione
896 775 1049 844 utantur,
1065 783 1167 850 quam

141 849 230 938 quod
247 875 345 918 nemo
361 853 509 920 videatur
526 856 644 919 alienas
657 855 867 918 successiones
880 854 1019 944 propriis
1031 864 1167 940 antepo-

140 959 237 1023 nere,
252 942 281 1006 1.·
291 944 338 1010 30
347 989 359 1020 ,
377 942 415 1007 O.
432 941 677 1028 defidecomm.
693 943 904 1009 nihilominus
916 955 1045 1020 tamen,
1061 951 1099 1006 ut
1110 941 1167 1022 fit,

140 1029 212 1094 heac
229 1051 363 1096 erronea
380 1031 595 1121 interpretum
607 1034 761 1097 sententia
775 1034 809 1097 in
820 1031 891 1097 toro
905 1029 1097 1130 triumphat.

145 1225 147 1228 ·
195 1193 315 1264 Quibus
339 1194 466 1270 legitima
490 1195 608 1252 traditur
629 1193 825 1265 donationes,
844 1215 902 1271 pro
922 1196 1012 1268 nullis
1032 1215 1093 1252 non
1116 1195 1171 1264 ¹²2²*

141 1273 269 1344 beatur,
285 1269 336 1332 s'ed
348 1276 387 1332 ad
398 1277 521 1334 modum
532 1278 695 1354 legitimum
711 1278 847 1354 restringi
859 1279 976 1354 debent.
992 1277 1064 1334 Cod.
1084 1279 1165 1351 Nep.

140 1369 198 1432 nrt.
205 1375 272 1432 9⁹⁰·
284 1387 325 1402 —
336 1358 498 1415 Inunuatio
511 1378 571 1414 nou
581 1360 707 1432 amptius
717 1360 898 1434 requiritur,
917 1360 967 1418 ssd
978 1359 1168 1432 transcriptio

143 1437 197 1494 ubi
207 1437 359 1494 donantur
370 1439 527 1494 immobilia
538 1441 695 1496 tertiorum
701 1441 873 1516 hypothecis
882 1441 1008 1497 obnoxia
1018 1482 1027 1508 ,
1039 1439 1167 1516 art.939.

146 1549 189 1563 --
199 1519 252 1575 Rei
263 1520 378 1576 donatae
391 1520 563 1576 donatarius
578 1537 638 1577 non
651 1521 734 1596 prius
743 1521 776 1578 fit
785 1521 923 1584 dominus
936 1536 1027 1598 qnam
1045 1518 1096 1578 ubi
1113 1535 1174 1576 tra-

145 1597 220 1656 ditio
244 1601 371 1658 accessit.
393 1601 462 1657 flare
480 1611 550 1658 sunt
567 1595 712 1660 Heineecii
732 1623 738 1658 :
761 1603 943 1662 contrarium
964 1603 1036 1660 vero
1059 1603 1174 1658 obtinet
1202 1633 1213 1650 ι

144 1695 199 1738 arr.
219 1681 304 1757 988,
329 1679 381 1738 abi
404 1683 545 1758 tegimus,
565 1676 756 1748 donationem
782 1687 847 1742 soto
871 1686 1001 1760 paratum
1028 1703 1174 1740 consensu

146 1763 259 1835 perfici.
280 1795 321 1810 --
344 1764 559 1839 Ingratitudine
583 1765 732 1822 donatarii
759 1777 958 1823 retractantur
985 1766 1172 1822 donationes.

144 1858 201 1900 art.
209 1843 272 1920 953
281 1886 290 1912 ,
302 1843 362 1921 955
380 1859 408 1901 et
421 1865 501 1921 seqq.
512 1877 553 1891 ·-
565 1847 614 1904 Ob
624 1847 893 1922 supervenientium
910 1849 1075 1906 liberorum
1087 1845 1173 1923 aqud

140 1938 331 1984 revocantur.
344 1940 398 1983 arr.
409 1927 475 2002 962.
890 1957 892 1962 ,

477 2027 509 2163 s.
541 1997 837 2146 cccccxui.
904 2109 906 2112 -

193 2241 343 2329 Superest
363 2231 480 2328 species
504 2239 654 2328 quaedam
675 2242 856 2308 donationis
875 2241 1066 2332 singularis,
1095 2256 1176 2332 puta

148 2327 288 2406 donatio
306 2341 449 2416 propter
468 2333 620 2418 nuptias.
639 2331 699 2396 Itla
722 2333 802 2396 olim
815 2335 1000 2410 ¹vocabatur
1014 2336 1178 2424 ἐπιφέρῃ,

94 2499 97 2505 Ι
148 2420 199 2484 tet
213 2418 345 2482 donatio
360 2430 434 2482 ante
442 2420 594 2508 nuptias,
608 2421 684 2507 quia
697 2429 863 2488 constante
872 2424 1083 2492 matrimonio
1096 2451 1178 2492 cou-

143 2507 239 2597 juges
250 2506 310 2575 sibi
319 2507 461 2572 invicem
474 2509 595 2574 donare
608 2526 676 2573 non
689 2521 850 2598 poterant.
869 2507 1046 2602 Postquain
1067 2529 1178 2582 autem

145 2597 181 2662 id
205 2596 346 2663 mutarit
367 2591 587 2678 lastinianus,
606 2609 640 2662 et
659 2601 779 2664 marito
798 2599 1007 2682 indulsit,ut
1025 2616 1058 2670 et
1079 2607 1178 2672 uxori

144 2687 217 2776 jam
230 2685 290 2752 sibi
304 2695 415 2773 nupta
436 2685 645 2752 dorntionem
661 2688 819 2776 ejusmodi
838 2687 1032 2758 constituere
1047 2707 1178 2784 posset:

148 2798 218 2840 non
242 2775 383 2864 amplius
406 2773 587 2862 quadrabat
611 2775 659 2841 rei
683 2777 899 2859 vocabulum,
921 2791 962 2844 et
980 2781 1057 2846 hino
1079 2785 1181 2850 Juni-

149 2864 267 2928 nianus
282 2861 404 2946 voluit,
419 2874 455 2926 ut
471 2864 508 2930 in
523 2875 690 2952 posterum
708 2879 880 2940 vocaretur
892 2861 1035 2934 donatio
1045 2885 1181 2962 propter
1226 2862 1231 2868 ”

150 2953 300 3040 nuptias,
315 2954 346 3037 §.
360 2953 404 3030 3,
420 2951 509 3018 Inst.
526 2955 559 3017 b.
576 2964 602 3020 t.
618 2955 674 3018 Est
689 2974 767 3020 vero
777 2957 921 3022 donatio
934 2973 1182 3049 pmpternupa

150 3041 238 3119 tias,
256 3059 357 3128 quam
375 3041 509 3106 maritus
521 3043 622 3108 omi
636 3044 687 3107 vet
699 3065 833 3132 spontin
843 3062 967 3136 sponsae
980 3044 1058 3112 iacit
1077 3050 1110 3114 in
1129 3068 1183 3118 se-
1227 3068 1232 3074 '

151 3128 331 3196 ceritatem·
348 3129 441 3194 dotis.
465 3130 550 3196 Dico
570 3133 608 3198 in
622 3134 838 3199 securitatem
860 3136 950 3200 deda
969 3161 980 3214 ‚-
1000 3150 1032 3202 et
1053 3137 1130 3206 hinc
1156 3141 1184 3208 si

151 3241 287 3308 speruus
298 3240 423 3306 aponaae
436 3241 465 3284 e.
487 3241 518 3306 g.
540 3221 701 3284 annulum
717 3221 769 3288 rai
786 3223 875 3288 atiud
897 3217 979 3312 quid
998 3225 1099 3295 donat
1116 3233 1185 3296 sine

152 3319 301 3396 respectu
323 3307 364 3372 ad
376 3307 507 3388 dotem,
529 3331 565 3374 ea
580 3321 716 3374 vocatur
734 3311 882 3400 largitae
904 3317 1108 3402 sponsalitia
1119 3370 1128 3402 ,
1144 3321 1185 3386 de

152 3419 218 3484 qua
230 3396 388 3460 volvenda
403 3397 498 3498 djd,
514 3397 551 3462 0.
562 3398 603 3463 de
617 3398 696 3462 dou.
711 3412 794 3464 onte
810 3413 906 3488 nupt.
923 3403 1039 3490 Quum
1055 3429 1133 3495 ergo
1148 3411 1184 3474 in
1262 3415 1273 3435 ²

153 3483 358 3552 securitatem
365 3483 448 3552 dotia
461 3486 574 3568 detur,
586 3500 783 3572 consequens
793 3502 838 3554 est
852 3539 861 3572 ,
882 3501 918 3560 1⁰.
934 3505 972 3558 ut
983 3495 1050 3560 doti
1062 3500 1187 3564 ratione

154 3575 343 3663 quantitatis
362 3585 394 3638 et
412 3575 641 3641 conditionum
659 3577 836 3644 ait'similis.
861 3581 910 3646 lta
934 3584 1023 3648 euim
1039 3607 1189 3675 expresse

105 3679 107 3684 '
153 3663 263 3731 sanxit
278 3662 480 3730 tustiuianus
495 3662 590 3730 Nou.
609 3665 769 3732 XCVII
803 3669 867 3734 uod
878 3671 958 3735 otim
974 3675 1113 3741 scaliter
1127 3679 1189 3742 ha·

154 3753 261 3820 bebat.
276 3753 365 3818 Hinc
376 3774 405 3817 e.
419 3775 452 3840 g.
466 3752 492 3818 si
508 3775 594 3820 uxor
610 3755 729 3822 marito
746 3757 781 3820 in
813 3770 844 3822 rt
857 3755 967 3825 dotem
993 3783 1075 3829 1000
1085 3814 1094 3845 ,
1116 3777 1191 3832 tan·

156 3842 306 3912 tamdem
327 3843 465 3910 maritus
479 3841 577 3909 uxori
598 3843 697 3910 donat
716 3857 852 3938 propter
866 3852 1006 3940 nuptias.
1031 3863 1075 3918 2⁰.
1095 3853 1191 3924 Utin

939 3939 1044 4009 Dua
