<?xml version="1.0" encoding="UTF-8"?>
<!DOCTYPE html PUBLIC "-//W3C//DTD XHTML 1.0 Transitional//EN"
    "http://www.w3.org/TR/xhtml1/DTD/xhtml1-transitional.dtd">
<html xmlns="http://www.w3.org/1999/xhtml" xml:lang="en" lang="en">
 <head>
  <title>
</title>
<meta http-equiv="Content-Type" content="text/html;charset=utf-8" />
  <meta name='ocr-system' content='tesseract 3.04.00' />
  <meta name='ocr-capabilities' content='ocr_page ocr_carea ocr_par ocr_line ocrx_word'/>
</head>
<body>
  <div class='ocr_page' id='page_1' title='image "./recitationesine00heingoog_0212.png"; bbox 0 0 2644 4504; ppageno 0'>
   <div class='ocr_carea' id='block_1_1' title="bbox 4 373 1163 1198">
    <p class='ocr_par' dir='ltr' id='par_1_1' title="bbox 4 373 1163 1198">
     <span class='ocr_line' id='line_1_1' title="bbox 177 373 1056 460; baseline -0.003 -19"><span class='ocrx_word' id='word_1_1' title='bbox 177 374 239 441; x_wconf 87' lang='lat' dir='ltr'><strong>DE</strong></span> <span class='ocrx_word' id='word_1_2' title='bbox 253 373 480 460; x_wconf 74' lang='lat' dir='ltr'><strong>EXCUS‘AT.</strong></span> <span class='ocrx_word' id='word_1_3' title='bbox 495 375 671 444; x_wconf 85' lang='lat' dir='ltr'><strong>TUTOR.</strong></span> <span class='ocrx_word' id='word_1_4' title='bbox 684 376 744 442; x_wconf 84' lang='lat' dir='ltr'><strong>ET</strong></span> <span class='ocrx_word' id='word_1_5' title='bbox 759 375 852 443; x_wconf 83' lang='lat' dir='ltr'><strong>CUR</strong></span> <span class='ocrx_word' id='word_1_6' title='bbox 858 373 933 441; x_wconf 82' lang='lat' dir='ltr'><strong>AT.</strong></span> <span class='ocrx_word' id='word_1_7' title='bbox 991 373 1056 440; x_wconf 79' lang='lat'><strong>305</strong></span> 
     </span>
     <span class='ocr_line' id='line_1_2' title="bbox 46 479 1059 576; baseline 0.005 -33"><span class='ocrx_word' id='word_1_8' title='bbox 46 479 123 566; x_wconf 85' lang='lat' dir='ltr'><strong>juges</strong></span> <span class='ocrx_word' id='word_1_9' title='bbox 139 497 249 550; x_wconf 88' lang='lat' dir='ltr'><strong>autem</strong></span> <span class='ocrx_word' id='word_1_10' title='bbox 270 497 302 554; x_wconf 88' lang='lat' dir='ltr'><strong>et</strong></span> <span class='ocrx_word' id='word_1_11' title='bbox 323 497 473 576; x_wconf 87' lang='lat' dir='ltr'><strong>parentes</strong></span> <span class='ocrx_word' id='word_1_12' title='bbox 496 487 592 554; x_wconf 85' lang='lat' dir='ltr'><strong>variis</strong></span> <span class='ocrx_word' id='word_1_13' title='bbox 609 485 785 574; x_wconf 83' lang='lat' dir='ltr'><strong>privilegiis</strong></span> <span class='ocrx_word' id='word_1_14' title='bbox 805 485 953 564; x_wconf 89' lang='lat' dir='ltr'><strong>ornavit,</strong></span> <span class='ocrx_word' id='word_1_15' title='bbox 974 483 1059 548; x_wconf 88' lang='lat' dir='ltr'><strong>inter</strong></span> 
     </span>
     <span class='ocr_line' id='line_1_3' title="bbox 48 573 1058 662; baseline 0.006 -30"><span class='ocrx_word' id='word_1_16' title='bbox 48 593 109 655; x_wconf 88' lang='lat' dir='ltr'><strong>quae</strong></span> <span class='ocrx_word' id='word_1_17' title='bbox 131 583 161 636; x_wconf 92' lang='lat' dir='ltr'><strong>et</strong></span> <span class='ocrx_word' id='word_1_18' title='bbox 184 573 248 638; x_wconf 91' lang='lat' dir='ltr'><strong>hoc</strong></span> <span class='ocrx_word' id='word_1_19' title='bbox 268 573 348 656; x_wconf 87' lang='lat' dir='ltr'><strong>fuit,</strong></span> <span class='ocrx_word' id='word_1_20' title='bbox 365 587 420 657; x_wconf 92' lang='lat' dir='ltr'><strong>ut,</strong></span> <span class='ocrx_word' id='word_1_21' title='bbox 436 575 493 662; x_wconf 93' lang='lat' dir='ltr'><strong>qui</strong></span> <span class='ocrx_word' id='word_1_22' title='bbox 517 587 581 642; x_wconf 90' lang='lat' dir='ltr'><strong>tres</strong></span> <span class='ocrx_word' id='word_1_23' title='bbox 603 575 760 641; x_wconf 77' lang='lat' dir='ltr'><strong>baberent</strong></span> <span class='ocrx_word' id='word_1_24' title='bbox 781 575 896 639; x_wconf 88' lang='lat' dir='ltr'><strong>liberos</strong></span> <span class='ocrx_word' id='word_1_25' title='bbox 917 573 1058 652; x_wconf 87' lang='lat' dir='ltr'><strong>Romae,</strong></span> 
     </span>
     <span class='ocr_line' id='line_1_4' title="bbox 48 662 1060 752; baseline 0.005 -31"><span class='ocrx_word' id='word_1_26' title='bbox 48 671 172 744; x_wconf 88' lang='lat' dir='ltr'><strong>quatuor</strong></span> <span class='ocrx_word' id='word_1_27' title='bbox 198 663 236 727; x_wconf 90' lang='lat' dir='ltr'><strong>in</strong></span> <span class='ocrx_word' id='word_1_28' title='bbox 265 664 380 743; x_wconf 86' lang='lat' dir='ltr'><strong>ltalia,</strong></span> <span class='ocrx_word' id='word_1_29' title='bbox 404 665 547 752; x_wconf 87' lang='lat' dir='ltr'><strong>quinque</strong></span> <span class='ocrx_word' id='word_1_30' title='bbox 566 665 601 728; x_wconf 93' lang='lat' dir='ltr'><strong>in</strong></span> <span class='ocrx_word' id='word_1_31' title='bbox 623 663 820 752; x_wconf 87' lang='lat' dir='ltr'><strong>provinciis,</strong></span> <span class='ocrx_word' id='word_1_32' title='bbox 843 663 883 726; x_wconf 90' lang='lat' dir='ltr'><strong>ab</strong></span> <span class='ocrx_word' id='word_1_33' title='bbox 908 662 1060 726; x_wconf 86' lang='lat' dir='ltr'><strong>omnibus</strong></span> 
     </span>
     <span class='ocr_line' id='line_1_5' title="bbox 47 751 1063 841; baseline 0.006 -31"><span class='ocrx_word' id='word_1_34' title='bbox 47 751 220 816; x_wconf 83' lang='lat' dir='ltr'><strong>muneribus</strong></span> <span class='ocrx_word' id='word_1_35' title='bbox 245 752 381 841; x_wconf 80' lang='lat' dir='ltr'><strong>publicis</strong></span> <span class='ocrx_word' id='word_1_36' title='bbox 406 754 549 840; x_wconf 82' lang='lat' dir='ltr'>adeoque</span> <span class='ocrx_word' id='word_1_37' title='bbox 574 775 593 817; x_wconf 90' lang='lat' dir='ltr'><strong>a</strong></span> <span class='ocrx_word' id='word_1_38' title='bbox 619 753 719 817; x_wconf 88' lang='lat' dir='ltr'><strong>tutela</strong></span> <span class='ocrx_word' id='word_1_39' title='bbox 742 753 1063 840; x_wconf 86' lang='lat' dir='ltr'><strong>quoque&#39;immunes</strong></span> 
     </span>
     <span class='ocr_line' id='line_1_6' title="bbox 4 840 1064 930; baseline 0.005 -31"><span class='ocrx_word' id='word_1_40' title='bbox 4 862 8 875; x_wconf 93' lang='lat'>·</span> <span class='ocrx_word' id='word_1_41' title='bbox 46 848 145 902; x_wconf 79' lang='lat' dir='ltr'><strong>essent.</strong></span> <span class='ocrx_word' id='word_1_42' title='bbox 158 840 290 906; x_wconf 83' lang='lat' dir='ltr'><strong>Prolixe</strong></span> <span class='ocrx_word' id='word_1_43' title='bbox 307 842 473 906; x_wconf 71' lang='lat' dir='ltr'><strong>historiam</strong></span> <span class='ocrx_word' id='word_1_44' title='bbox 489 855 520 908; x_wconf 87' lang='lat' dir='ltr'><strong>et</strong></span> <span class='ocrx_word' id='word_1_45' title='bbox 533 843 659 928; x_wconf 86' lang='lat' dir='ltr'><strong>singula</strong></span> <span class='ocrx_word' id='word_1_46' title='bbox 678 843 784 930; x_wconf 86' lang='lat' dir='ltr'><strong>capita</strong></span> <span class='ocrx_word' id='word_1_47' title='bbox 804 841 899 926; x_wconf 88' lang='lat' dir='ltr'><strong>hujus</strong></span> <span class='ocrx_word' id='word_1_48' title='bbox 918 841 995 926; x_wconf 90' lang='lat' dir='ltr'><strong>legis</strong></span> <span class='ocrx_word' id='word_1_49' title='bbox 1010 863 1064 904; x_wconf 91' lang='lat' dir='ltr'><strong>ce·</strong></span> 
     </span>
     <span class='ocr_line' id='line_1_7' title="bbox 47 922 1064 1020; baseline 0.008 -34"><span class='ocrx_word' id='word_1_50' title='bbox 47 922 215 994; x_wconf 82' lang='lat' dir='ltr'><strong>laberrimoe</strong></span> <span class='ocrx_word' id='word_1_51' title='bbox 234 931 358 996; x_wconf 91' lang='lat' dir='ltr'><strong>restitui</strong></span> <span class='ocrx_word' id='word_1_52' title='bbox 379 943 475 1017; x_wconf 89' lang='lat' dir='ltr'><strong>atque</strong></span> <span class='ocrx_word' id='word_1_53' title='bbox 492 933 627 1020; x_wconf 85' lang='lat' dir='ltr'>exposui</span> <span class='ocrx_word' id='word_1_54' title='bbox 638 931 672 994; x_wconf 93' lang='lat' dir='ltr'><strong>in</strong></span> <span class='ocrx_word' id='word_1_55' title='bbox 691 930 877 996; x_wconf 78' lang='lat' dir='ltr'><strong>Commeat.</strong></span> <span class='ocrx_word' id='word_1_56' title='bbox 895 929 1064 1018; x_wconf 73' lang='lat' dir='ltr'><strong>adlegatu</strong></span> 
     </span>
     <span class='ocr_line' id='line_1_8' title="bbox 46 1013 1163 1110; baseline 0 -32"><span class='ocrx_word' id='word_1_57' title='bbox 46 1013 170 1081; x_wconf 78' lang='lat' dir='ltr'>lulium</span> <span class='ocrx_word' id='word_1_58' title='bbox 183 1029 216 1082; x_wconf 81' lang='lat' dir='ltr'><strong>et</strong></span> <span class='ocrx_word' id='word_1_59' title='bbox 228 1020 320 1106; x_wconf 81' lang='lat' dir='ltr'><strong>Pap.</strong></span> <span class='ocrx_word' id='word_1_60' title='bbox 335 1021 446 1108; x_wconf 82' lang='lat' dir='ltr'><strong>Pupp.</strong></span> <span class='ocrx_word' id='word_1_61' title='bbox 462 1019 559 1087; x_wconf 88' lang='lat' dir='ltr'><strong>abiet</strong></span> <span class='ocrx_word' id='word_1_62' title='bbox 572 1021 611 1085; x_wconf 88' lang='lat' dir='ltr'><strong>de</strong></span> <span class='ocrx_word' id='word_1_63' title='bbox 623 1021 686 1086; x_wconf 90' lang='lat' dir='ltr'><strong>hoc</strong></span> <span class='ocrx_word' id='word_1_64' title='bbox 695 1017 865 1110; x_wconf 87' lang='lat' dir='ltr'><strong>privilegio</strong></span> <span class='ocrx_word' id='word_1_65' title='bbox 876 1018 927 1106; x_wconf 85' lang='lat' dir='ltr'><strong>egi</strong></span> <span class='ocrx_word' id='word_1_66' title='bbox 937 1019 996 1084; x_wconf 84' lang='lat' dir='ltr'><strong>lib.</strong></span> <span class='ocrx_word' id='word_1_67' title='bbox 1007 1019 1065 1098; x_wconf 90' lang='lat' dir='ltr'><strong>II,</strong></span> <span class='ocrx_word' id='word_1_68' title='bbox 1158 1064 1163 1078; x_wconf 62' lang='lat'><strong>.</strong></span> 
     </span>
     <span class='ocr_line' id='line_1_9' title="bbox 47 1111 1013 1198; baseline 0.018 -32"><span class='ocrx_word' id='word_1_69' title='bbox 47 1125 113 1191; x_wconf 84' lang='lat' dir='ltr'><strong>cop.</strong></span> <span class='ocrx_word' id='word_1_70' title='bbox 127 1111 169 1184; x_wconf 80' lang='lat'><strong>8,</strong></span> <span class='ocrx_word' id='word_1_71' title='bbox 180 1131 221 1195; x_wconf 81' lang='lat' dir='ltr'><strong>p.</strong></span> <span class='ocrx_word' id='word_1_72' title='bbox 237 1111 312 1173; x_wconf 72' lang='lat' dir='ltr'><strong>soti</strong></span> <span class='ocrx_word' id='word_1_73' title='bbox 327 1120 359 1174; x_wconf 85' lang='lat' dir='ltr'><strong>a!</strong></span> <span class='ocrx_word' id='word_1_74' title='bbox 369 1133 460 1198; x_wconf 80' lang='lat' dir='ltr'><strong>seqq.</strong></span> <span class='ocrx_word' id='word_1_75' title='bbox 1010 1149 1013 1162; x_wconf 63' lang='lat'><em>‹</em></span> 
     </span>
    </p>
   </div>
   <div class='ocr_carea' id='block_1_2' title="bbox 0 210 2 711">
    <p class='ocr_par' dir='ltr' id='par_1_2' title="bbox 0 210 2 711">
     <span class='ocr_line' id='line_1_10' title="bbox 0 210 2 711; baseline 0 0"><span class='ocrx_word' id='word_1_76' title='bbox 0 210 2 711; x_wconf 95' lang='lat' dir='ltr'><strong> </strong></span> 
     </span>
    </p>
   </div>
   <div class='ocr_carea' id='block_1_3' title="bbox 1 1266 1072 1753">
    <p class='ocr_par' dir='ltr' id='par_1_3' title="bbox 2 1266 1070 1346">
     <span class='ocr_line' id='line_1_11' title="bbox 2 1266 1070 1346; baseline 0.007 -27"><span class='ocrx_word' id='word_1_77' title='bbox 2 1292 7 1319; x_wconf 88' lang='grc' dir='ltr'>ι</span> <span class='ocrx_word' id='word_1_78' title='bbox 81 1266 238 1325; x_wconf 81' lang='lat' dir='ltr'><strong>Remittit&#39;a</strong></span> <span class='ocrx_word' id='word_1_79' title='bbox 251 1269 343 1326; x_wconf 73' lang='lat' dir='ltr'><strong>tutela</strong></span> <span class='ocrx_word' id='word_1_80' title='bbox 353 1269 517 1328; x_wconf 63' lang='lat' dir='ltr'><strong>liberorum,</strong></span> <span class='ocrx_word' id='word_1_81' title='bbox 526 1267 705 1336; x_wconf 83' lang='lat' dir='ltr'><strong>multitudo,</strong></span> <span class='ocrx_word' id='word_1_82' title='bbox 716 1268 746 1323; x_wconf 92' lang='lat' dir='ltr'><strong>id</strong></span> <span class='ocrx_word' id='word_1_83' title='bbox 758 1280 816 1336; x_wconf 82' lang='lat' dir='ltr'><strong>est,</strong></span> <span class='ocrx_word' id='word_1_84' title='bbox 828 1288 971 1327; x_wconf 87' lang='lat' dir='ltr'><strong>numerus</strong></span> <span class='ocrx_word' id='word_1_85' title='bbox 984 1269 1070 1346; x_wconf 87' lang='lat' dir='ltr'><strong>quin·</strong></span> 
     </span>
    </p>

    <p class='ocr_par' dir='ltr' id='par_1_4' title="bbox 1 1328 1072 1753">
     <span class='ocr_line' id='line_1_12' title="bbox 1 1328 1068 1424; baseline 0.007 -23"><span class='ocrx_word' id='word_1_86' title='bbox 1 1328 7 1401; x_wconf 79' lang='lat' dir='ltr'>l</span> <span class='ocrx_word' id='word_1_87' title='bbox 49 1364 98 1420; x_wconf 86' lang='lat' dir='ltr'><strong>que</strong></span> <span class='ocrx_word' id='word_1_88' title='bbox 114 1348 295 1420; x_wconf 87' lang='lat' dir='ltr'><strong>liberorum,</strong></span> <span class='ocrx_word' id='word_1_89' title='bbox 310 1364 364 1406; x_wconf 83' lang='lat' dir='ltr'><strong>art.</strong></span> <span class='ocrx_word' id='word_1_90' title='bbox 387 1349 459 1408; x_wconf 69' lang='lat'><strong>436.</strong></span> <span class='ocrx_word' id='word_1_91' title='bbox 480 1351 571 1407; x_wconf 86' lang='lat' dir='ltr'><strong>Modb</strong></span> <span class='ocrx_word' id='word_1_92' title='bbox 592 1350 650 1406; x_wconf 85' lang='lat' dir='ltr'><strong>sint</strong></span> <span class='ocrx_word' id='word_1_93' title='bbox 671 1369 707 1406; x_wconf 86' lang='lat' dir='ltr'><strong>ex</strong></span> <span class='ocrx_word' id='word_1_94' title='bbox 725 1350 855 1424; x_wconf 85' lang='lat' dir='ltr'><strong>legitimo</strong></span> <span class='ocrx_word' id='word_1_95' title='bbox 877 1351 1068 1408; x_wconf 86' lang='lat' dir='ltr'><strong>matrimonio</strong></span> 
     </span>
     <span class='ocr_line' id='line_1_13' title="bbox 48 1431 1069 1506; baseline 0.006 -24"><span class='ocrx_word' id='word_1_96' title='bbox 48 1431 181 1503; x_wconf 87' lang='lat' dir='ltr'><strong>suscepti,</strong></span> <span class='ocrx_word' id='word_1_97' title='bbox 196 1433 271 1488; x_wconf 82' lang='lat' dir='ltr'><strong>ibid.</strong></span> <span class='ocrx_word' id='word_1_98' title='bbox 285 1433 428 1506; x_wconf 81' lang='lat' dir='ltr'><strong>Adoptivi</strong></span> <span class='ocrx_word' id='word_1_99' title='bbox 440 1431 518 1489; x_wconf 91' lang='lat' dir='ltr'><strong>enim</strong></span> <span class='ocrx_word' id='word_1_100' title='bbox 530 1452 588 1488; x_wconf 89' lang='lat' dir='ltr'><strong>non</strong></span> <span class='ocrx_word' id='word_1_101' title='bbox 602 1443 739 1506; x_wconf 83' lang='lat' dir='ltr'><strong>prosunt.</strong></span> <span class='ocrx_word' id='word_1_102' title='bbox 749 1433 842 1486; x_wconf 75' lang='lat' dir='ltr'><strong>Iussit.</strong></span> <span class='ocrx_word' id='word_1_103' title='bbox 854 1431 882 1486; x_wconf 78' lang='lat' dir='ltr'><strong>t.</strong></span> <span class='ocrx_word' id='word_1_104' title='bbox 895 1445 914 1488; x_wconf 86' lang='lat' dir='ltr'><strong>t.</strong></span> <span class='ocrx_word' id='word_1_105' title='bbox 927 1433 1017 1504; x_wconf 90' lang='lat' dir='ltr'><strong>Quod</strong></span> <span class='ocrx_word' id='word_1_106' title='bbox 1027 1432 1069 1488; x_wconf 85' lang='lat' dir='ltr'><strong>ita</strong></span> 
     </span>
     <span class='ocr_line' id='line_1_14' title="bbox 48 1510 1071 1590; baseline 0.007 -27"><span class='ocrx_word' id='word_1_107' title='bbox 48 1510 167 1581; x_wconf 82' lang='lat' dir='ltr'>placuit,</span> <span class='ocrx_word' id='word_1_108' title='bbox 187 1533 226 1568; x_wconf 90' lang='lat' dir='ltr'><strong>ne</strong></span> <span class='ocrx_word' id='word_1_109' title='bbox 245 1515 381 1571; x_wconf 85' lang='lat' dir='ltr'><strong>simulata</strong></span> <span class='ocrx_word' id='word_1_110' title='bbox 392 1513 513 1590; x_wconf 87' lang='lat' dir='ltr'>adoptio</span> <span class='ocrx_word' id='word_1_111' title='bbox 526 1513 557 1571; x_wconf 89' lang='lat' dir='ltr'><strong>iu</strong></span> <span class='ocrx_word' id='word_1_112' title='bbox 570 1515 630 1571; x_wconf 80' lang='lat' dir='ltr'><strong>utta</strong></span> <span class='ocrx_word' id='word_1_113' title='bbox 644 1525 727 1587; x_wconf 85' lang='lat' dir='ltr'><strong>parte</strong></span> <span class='ocrx_word' id='word_1_114' title='bbox 743 1512 873 1569; x_wconf 86' lang='lat' dir='ltr'><strong>muneris</strong></span> <span class='ocrx_word' id='word_1_115' title='bbox 891 1513 1002 1586; x_wconf 85' lang='lat' dir='ltr'>publici</span> <span class='ocrx_word' id='word_1_116' title='bbox 1019 1513 1071 1586; x_wconf 86' lang='lat' dir='ltr'><strong>ju-</strong></span> 
     </span>
     <span class='ocr_line' id='line_1_15' title="bbox 47 1593 1072 1672; baseline 0.007 -27"><span class='ocrx_word' id='word_1_117' title='bbox 47 1605 130 1650; x_wconf 84' lang='lat' dir='ltr'><strong>raret.</strong></span> <span class='ocrx_word' id='word_1_118' title='bbox 145 1595 257 1654; x_wconf 79' lang='lat' dir='ltr'><strong>Tacrr.</strong></span> <span class='ocrx_word' id='word_1_119' title='bbox 275 1600 383 1656; x_wconf 84' lang='lat' dir='ltr'><strong>Annal.</strong></span> <span class='ocrx_word' id='word_1_120' title='bbox 403 1597 452 1652; x_wconf 87' lang='lat' dir='ltr'><strong>lib.</strong></span> <span class='ocrx_word' id='word_1_121' title='bbox 467 1593 525 1654; x_wconf 48' lang='lat'><strong>135.</strong></span> <span class='ocrx_word' id='word_1_122' title='bbox 546 1596 624 1652; x_wconf 88' lang='lat' dir='ltr'>Olim</span> <span class='ocrx_word' id='word_1_123' title='bbox 642 1595 822 1669; x_wconf 85' lang='lat' dir='ltr'><strong>proderant,</strong></span> <span class='ocrx_word' id='word_1_124' title='bbox 845 1613 935 1670; x_wconf 89' lang='lat' dir='ltr'><strong>quem</strong></span> <span class='ocrx_word' id='word_1_125' title='bbox 946 1613 1072 1672; x_wconf 22' lang='lat' dir='ltr'><strong>tutorem</strong></span> 
     </span>
     <span class='ocr_line' id='line_1_16' title="bbox 48 1675 938 1753; baseline 0.009 -27"><span class='ocrx_word' id='word_1_126' title='bbox 48 1675 230 1748; x_wconf 83' lang='lat' dir='ltr'><strong>reprehendit</strong></span> <span class='ocrx_word' id='word_1_127' title='bbox 241 1680 274 1735; x_wconf 87' lang='lat' dir='ltr'><strong>P.</strong></span> <span class='ocrx_word' id='word_1_128' title='bbox 289 1677 387 1753; x_wconf 88' lang='lat' dir='ltr'><strong>Scipio</strong></span> <span class='ocrx_word' id='word_1_129' title='bbox 399 1678 482 1753; x_wconf 86' lang='lat' dir='ltr'><strong>apud</strong></span> <span class='ocrx_word' id='word_1_130' title='bbox 497 1680 674 1747; x_wconf 74' lang='lat' dir='ltr'><strong>Gaurion,</strong></span> <span class='ocrx_word' id='word_1_131' title='bbox 687 1679 771 1734; x_wconf 86' lang='lat' dir='ltr'><strong>Noct.</strong></span> <span class='ocrx_word' id='word_1_132' title='bbox 780 1677 838 1736; x_wconf 77' lang='lat' dir='ltr'><strong>Art.</strong></span> <span class='ocrx_word' id='word_1_133' title='bbox 853 1697 876 1732; x_wconf 80' lang='grc' dir='ltr'><strong>ν.</strong></span> <span class='ocrx_word' id='word_1_134' title='bbox 890 1695 938 1752; x_wconf 63' lang='lat'><strong>¹9³</strong></span> 
     </span>
    </p>
   </div>
   <div class='ocr_carea' id='block_1_4' title="bbox 454 1829 674 1916">
    <p class='ocr_par' dir='ltr' id='par_1_5' title="bbox 454 1829 674 1916">
     <span class='ocr_line' id='line_1_17' title="bbox 454 1829 674 1916; baseline 0.009 -22"><span class='ocrx_word' id='word_1_135' title='bbox 454 1831 486 1916; x_wconf 69' lang='lat' dir='ltr'><strong>r.</strong></span> <span class='ocrx_word' id='word_1_136' title='bbox 519 1829 674 1896; x_wconf 83' lang='lat' dir='ltr'><strong>ccxc.</strong></span> 
     </span>
    </p>
   </div>
   <div class='ocr_carea' id='block_1_5' title="bbox 4 1986 1166 4120">
    <p class='ocr_par' dir='ltr' id='par_1_6' title="bbox 4 1986 1166 4120">
     <span class='ocr_line' id='line_1_18' title="bbox 90 1986 1077 2079; baseline 0.004 -27"><span class='ocrx_word' id='word_1_137' title='bbox 90 1986 143 2054; x_wconf 87' lang='lat' dir='ltr'><strong>Ob</strong></span> <span class='ocrx_word' id='word_1_138' title='bbox 170 1989 402 2079; x_wconf 79' lang='lat' dir='ltr'><strong>privilegium</strong></span> <span class='ocrx_word' id='word_1_139' title='bbox 431 2001 654 2071; x_wconf 78' lang='lat' dir='ltr'><strong>excusantur,</strong></span> <span class='ocrx_word' id='word_1_140' title='bbox 681 1999 725 2056; x_wconf 71' lang='lat'><strong>2⁹.</strong></span> <span class='ocrx_word' id='word_1_141' title='bbox 752 1990 809 2079; x_wconf 88' lang='lat' dir='ltr'><strong>qui</strong></span> <span class='ocrx_word' id='word_1_142' title='bbox 835 2011 907 2056; x_wconf 88' lang='lat' dir='ltr'><strong>rem</strong></span> <span class='ocrx_word' id='word_1_143' title='bbox 933 1989 1077 2056; x_wconf 86' lang='lat' dir='ltr'><strong>fiscalem</strong></span> 
     </span>
     <span class='ocr_line' id='line_1_19' title="bbox 50 2075 1081 2170; baseline 0.005 -32"><span class='ocrx_word' id='word_1_144' title='bbox 50 2075 297 2158; x_wconf 83' lang='lat' dir='ltr'><strong>administrant,</strong></span> <span class='ocrx_word' id='word_1_145' title='bbox 316 2080 366 2144; x_wconf 87' lang='lat' dir='ltr'><strong>vel</strong></span> <span class='ocrx_word' id='word_1_146' title='bbox 377 2102 448 2146; x_wconf 87' lang='lat' dir='ltr'><strong>rem</strong></span> <span class='ocrx_word' id='word_1_147' title='bbox 460 2079 658 2146; x_wconf 89' lang='lat' dir='ltr'><strong>dominicam</strong></span> <span class='ocrx_word' id='word_1_148' title='bbox 674 2081 724 2146; x_wconf 88' lang='lat' dir='ltr'><strong>vel</strong></span> <span class='ocrx_word' id='word_1_149' title='bbox 738 2079 973 2170; x_wconf 71' lang='lat' dir='ltr'><strong>patrimonium</strong></span> <span class='ocrx_word' id='word_1_150' title='bbox 1012 2079 1081 2144; x_wconf 90' lang='lat' dir='ltr'><strong>rin·</strong></span> 
     </span>
     <span class='ocr_line' id='line_1_20' title="bbox 4 2103 1166 2256; baseline 0.005 -28"><span class='ocrx_word' id='word_1_151' title='bbox 4 2182 7 2191; x_wconf 59' lang='lat'><strong>¹</strong></span> <span class='ocrx_word' id='word_1_152' title='bbox 50 2165 142 2254; x_wconf 87' lang='lat' dir='ltr'><strong>cipis,</strong></span> <span class='ocrx_word' id='word_1_153' title='bbox 162 2169 250 2233; x_wconf 88' lang='lat' dir='ltr'><strong>item</strong></span> <span class='ocrx_word' id='word_1_154' title='bbox 272 2167 392 2232; x_wconf 84' lang='lat' dir='ltr'><strong>tributa</strong></span> <span class='ocrx_word' id='word_1_155' title='bbox 409 2181 441 2234; x_wconf 86' lang='lat' dir='ltr'><strong>et</strong></span> <span class='ocrx_word' id='word_1_156' title='bbox 462 2169 649 2256; x_wconf 86' lang='lat' dir='ltr'><strong>vectigalia,</strong></span> <span class='ocrx_word' id='word_1_157' title='bbox 666 2182 727 2234; x_wconf 90' lang='lat' dir='ltr'><strong>etc.</strong></span> <span class='ocrx_word' id='word_1_158' title='bbox 750 2171 832 2234; x_wconf 84' lang='lat' dir='ltr'><strong>Haec</strong></span> <span class='ocrx_word' id='word_1_159' title='bbox 859 2181 896 2234; x_wconf 92' lang='lat' dir='ltr'><strong>ut</strong></span> <span class='ocrx_word' id='word_1_160' title='bbox 919 2103 1081 2254; x_wconf 79' lang='lat' dir='ltr'><strong>inteiliga—</strong></span> <span class='ocrx_word' id='word_1_161' title='bbox 1165 2183 1166 2189; x_wconf 77' lang='grc'>’</span> 
     </span>
     <span class='ocr_line' id='line_1_21' title="bbox 51 2257 1083 2346; baseline 0.005 -29"><span class='ocrx_word' id='word_1_162' title='bbox 51 2276 137 2336; x_wconf 88' lang='lat' dir='ltr'><strong>mus,</strong></span> <span class='ocrx_word' id='word_1_163' title='bbox 153 2257 416 2338; x_wconf 85' lang='lat' dir='ltr'><strong>observandum,</strong></span> <span class='ocrx_word' id='word_1_164' title='bbox 437 2257 537 2323; x_wconf 91' lang='lat' dir='ltr'><strong>trium</strong></span> <span class='ocrx_word' id='word_1_165' title='bbox 549 2259 627 2322; x_wconf 91' lang='lat' dir='ltr'><strong>olim</strong></span> <span class='ocrx_word' id='word_1_166' title='bbox 644 2257 736 2324; x_wconf 86' lang='lat' dir='ltr'><strong>fuisse</strong></span> <span class='ocrx_word' id='word_1_167' title='bbox 751 2281 907 2345; x_wconf 80' lang='lat' dir='ltr'><strong>generum</strong></span> <span class='ocrx_word' id='word_1_168' title='bbox 923 2257 1007 2322; x_wconf 91' lang='lat' dir='ltr'><strong>bona</strong></span> <span class='ocrx_word' id='word_1_169' title='bbox 1020 2281 1083 2346; x_wconf 91' lang='lat' dir='ltr'><strong>pu·</strong></span> 
     </span>
     <span class='ocr_line' id='line_1_22' title="bbox 52 2341 1082 2437; baseline 0.006 -31"><span class='ocrx_word' id='word_1_170' title='bbox 52 2341 154 2425; x_wconf 88' lang='lat' dir='ltr'><strong>blica,</strong></span> <span class='ocrx_word' id='word_1_171' title='bbox 179 2357 219 2410; x_wconf 90' lang='lat' dir='ltr'><strong>nt</strong></span> <span class='ocrx_word' id='word_1_172' title='bbox 239 2345 421 2413; x_wconf 81' lang='lat' dir='ltr'><strong>etiamnum</strong></span> <span class='ocrx_word' id='word_1_173' title='bbox 440 2361 515 2413; x_wconf 89' lang='lat' dir='ltr'><strong>sunt</strong></span> <span class='ocrx_word' id='word_1_174' title='bbox 536 2349 572 2413; x_wconf 90' lang='lat' dir='ltr'><strong>in</strong></span> <span class='ocrx_word' id='word_1_175' title='bbox 593 2347 824 2437; x_wconf 87' lang='lat' dir='ltr'><strong>rebuspublicis</strong></span> <span class='ocrx_word' id='word_1_176' title='bbox 843 2347 1082 2413; x_wconf 82' lang='lat' dir='ltr'><strong>monarchicis:</strong></span> 
     </span>
     <span class='ocr_line' id='line_1_23' title="bbox 50 2433 1084 2526; baseline 0.005 -30"><span class='ocrx_word' id='word_1_177' title='bbox 50 2433 92 2519; x_wconf 83' lang='lat' dir='ltr'><strong>(i)</strong></span> <span class='ocrx_word' id='word_1_178' title='bbox 107 2435 304 2500; x_wconf 85' lang='lat' dir='ltr'><strong>AErarium</strong></span> <span class='ocrx_word' id='word_1_179' title='bbox 313 2484 325 2514; x_wconf 90' lang='lat'><strong>,</strong></span> <span class='ocrx_word' id='word_1_180' title='bbox 347 2438 388 2500; x_wconf 84' lang='lat' dir='ltr'><strong>ad</strong></span> <span class='ocrx_word' id='word_1_181' title='bbox 405 2437 493 2523; x_wconf 91' lang='lat' dir='ltr'><strong>quod</strong></span> <span class='ocrx_word' id='word_1_182' title='bbox 514 2437 717 2526; x_wconf 85' lang='lat' dir='ltr'><strong>pertinebant</strong></span> <span class='ocrx_word' id='word_1_183' title='bbox 732 2439 862 2520; x_wconf 87' lang='lat' dir='ltr'><strong>omnia,</strong></span> <span class='ocrx_word' id='word_1_184' title='bbox 883 2459 957 2525; x_wconf 84' lang='lat' dir='ltr'><strong>qnae</strong></span> <span class='ocrx_word' id='word_1_185' title='bbox 971 2438 1007 2502; x_wconf 92' lang='lat' dir='ltr'><strong>in</strong></span> <span class='ocrx_word' id='word_1_186' title='bbox 1020 2438 1084 2501; x_wconf 92' lang='lat' dir='ltr'><strong>do-</strong></span> 
     </span>
     <span class='ocr_line' id='line_1_24' title="bbox 49 2523 1086 2614; baseline 0.002 -26"><span class='ocrx_word' id='word_1_187' title='bbox 49 2524 151 2589; x_wconf 87' lang='lat' dir='ltr'><strong>minio</strong></span> <span class='ocrx_word' id='word_1_188' title='bbox 168 2535 269 2590; x_wconf 88' lang='lat' dir='ltr'><strong>erant</strong></span> <span class='ocrx_word' id='word_1_189' title='bbox 283 2523 490 2614; x_wconf 72' lang='lat' dir='ltr'><strong>reipublicae,</strong></span> <span class='ocrx_word' id='word_1_190' title='bbox 511 2550 648 2614; x_wconf 80' lang='lat' dir='ltr'><strong>quaeque</strong></span> <span class='ocrx_word' id='word_1_191' title='bbox 664 2527 705 2591; x_wconf 90' lang='lat' dir='ltr'><strong>ad</strong></span> <span class='ocrx_word' id='word_1_192' title='bbox 723 2528 979 2592; x_wconf 78' lang='lat' dir='ltr'><strong>conservandam</strong></span> <span class='ocrx_word' id='word_1_193' title='bbox 996 2549 1086 2592; x_wconf 89' lang='lat' dir='ltr'><strong>rem-</strong></span> 
     </span>
     <span class='ocr_line' id='line_1_25' title="bbox 50 2615 1084 2703; baseline 0.002 -27"><span class='ocrx_word' id='word_1_194' title='bbox 50 2615 245 2700; x_wconf 87' lang='lat' dir='ltr'><strong>publicam,</strong></span> <span class='ocrx_word' id='word_1_195' title='bbox 265 2615 518 2700; x_wconf 83' lang='lat' dir='ltr'><strong>colligebantur,</strong></span> <span class='ocrx_word' id='word_1_196' title='bbox 536 2639 565 2682; x_wconf 89' lang='lat' dir='ltr'><strong>e.</strong></span> <span class='ocrx_word' id='word_1_197' title='bbox 590 2639 621 2702; x_wconf 85' lang='lat' dir='ltr'><strong>g.</strong></span> <span class='ocrx_word' id='word_1_198' title='bbox 645 2617 764 2680; x_wconf 91' lang='lat' dir='ltr'><strong>tributa</strong></span> <span class='ocrx_word' id='word_1_199' title='bbox 778 2666 787 2698; x_wconf 92' lang='lat'><strong>,</strong></span> <span class='ocrx_word' id='word_1_200' title='bbox 803 2617 997 2703; x_wconf 76' lang='lat' dir='ltr'><strong>recti-galia,</strong></span> <span class='ocrx_word' id='word_1_201' title='bbox 1020 2628 1084 2681; x_wconf 87' lang='lat' dir='ltr'><strong>etc.</strong></span> 
     </span>
     <span class='ocr_line' id='line_1_26' title="bbox 48 2699 1087 2794; baseline 0.001 -26"><span class='ocrx_word' id='word_1_202' title='bbox 48 2701 94 2790; x_wconf 83' lang='lat'><strong>(2)</strong></span> <span class='ocrx_word' id='word_1_203' title='bbox 111 2704 286 2779; x_wconf 79' lang='lat' dir='ltr'><strong>Fiscum,</strong></span> <span class='ocrx_word' id='word_1_204' title='bbox 307 2699 366 2790; x_wconf 79' lang='lat' dir='ltr'><strong>&#39;qut</strong></span> <span class='ocrx_word' id='word_1_205' title='bbox 388 2718 457 2770; x_wconf 88' lang='lat' dir='ltr'><strong>erat</strong></span> <span class='ocrx_word' id='word_1_206' title='bbox 474 2704 628 2794; x_wconf 85' lang='lat' dir='ltr'><strong>principis</strong></span> <span class='ocrx_word' id='word_1_207' title='bbox 648 2717 819 2792; x_wconf 85' lang='lat' dir='ltr'><strong>tamquam</strong></span> <span class='ocrx_word' id='word_1_208' title='bbox 840 2705 1015 2794; x_wconf 90' lang='lat' dir='ltr'><strong>principis,</strong></span> <span class='ocrx_word' id='word_1_209' title='bbox 1037 2706 1087 2770; x_wconf 91' lang='lat' dir='ltr'><strong>ei-</strong></span> 
     </span>
     <span class='ocr_line' id='line_1_27' title="bbox 50 2793 1088 2878; baseline 0.002 -24"><span class='ocrx_word' id='word_1_210' title='bbox 50 2814 111 2876; x_wconf 93' lang='lat' dir='ltr'><strong>que</strong></span> <span class='ocrx_word' id='word_1_211' title='bbox 133 2815 152 2856; x_wconf 88' lang='lat' dir='ltr'><strong>a</strong></span> <span class='ocrx_word' id='word_1_212' title='bbox 178 2814 256 2878; x_wconf 88' lang='lat' dir='ltr'><strong>rep.</strong></span> <span class='ocrx_word' id='word_1_213' title='bbox 278 2794 479 2878; x_wconf 84' lang='lat' dir='ltr'><strong>adsignatus,</strong></span> <span class='ocrx_word' id='word_1_214' title='bbox 497 2796 659 2860; x_wconf 83' lang='lat' dir='ltr'><strong>utaulam</strong></span> <span class='ocrx_word' id='word_1_215' title='bbox 681 2817 776 2858; x_wconf 88' lang='lat' dir='ltr'><strong>suam</strong></span> <span class='ocrx_word' id='word_1_216' title='bbox 796 2795 984 2874; x_wconf 88' lang='lat' dir='ltr'><strong>sustineret,</strong></span> <span class='ocrx_word' id='word_1_217' title='bbox 1004 2793 1088 2858; x_wconf 80' lang='lat' dir='ltr'><strong>etro</strong></span> 
     </span>
     <span class='ocr_line' id='line_1_28' title="bbox 15 2880 1090 2971; baseline 0 -25"><span class='ocrx_word' id='word_1_218' title='bbox 15 2945 17 2952; x_wconf 15' lang='grc' dir='ltr'><em>Α</em></span> <span class='ocrx_word' id='word_1_219' title='bbox 48 2880 267 2970; x_wconf 85' lang='lat' dir='ltr'><strong>pertinebant</strong></span> <span class='ocrx_word' id='word_1_220' title='bbox 287 2881 378 2947; x_wconf 61' lang='lat' dir='ltr'><strong>‘bona</strong></span> <span class='ocrx_word' id='word_1_221' title='bbox 400 2885 555 2966; x_wconf 75' lang='lat' dir='ltr'><strong>caduca,</strong></span> <span class='ocrx_word' id='word_1_222' title='bbox 581 2882 751 2971; x_wconf 88' lang='lat' dir='ltr'><strong>ereptitia,</strong></span> <span class='ocrx_word' id='word_1_223' title='bbox 773 2883 969 2962; x_wconf 81' lang='lat' dir='ltr'><strong>coriliscatn3</strong></span> <span class='ocrx_word' id='word_1_224' title='bbox 992 2883 1090 2946; x_wconf 89' lang='lat' dir='ltr'><strong>hodie</strong></span> 
     </span>
     <span class='ocr_line' id='line_1_29' title="bbox 48 2968 1091 3061; baseline -0.004 -23"><span class='ocrx_word' id='word_1_225' title='bbox 48 2983 224 3038; x_wconf 84' lang='lat' dir='ltr'><strong>vocantur</strong></span> <span class='ocrx_word' id='word_1_226' title='bbox 247 2968 336 3035; x_wconf 83' lang='lat' dir='ltr'><strong>bona</strong></span> <span class='ocrx_word' id='word_1_227' title='bbox 353 2973 560 3050; x_wconf 75' lang='lat' dir='ltr'><strong>cameratio,</strong></span> <span class='ocrx_word' id='word_1_228' title='bbox 582 2972 890 3061; x_wconf 82' lang='lat' dir='ltr'><strong>(Carumergiiter‚)</strong></span> <span class='ocrx_word' id='word_1_229' title='bbox 915 2972 1004 3036; x_wconf 82' lang='lat' dir='ltr'><strong>bono</strong></span> <span class='ocrx_word' id='word_1_230' title='bbox 1027 2971 1091 3034; x_wconf 83' lang='lat' dir='ltr'><strong>do-</strong></span> 
     </span>
     <span class='ocr_line' id='line_1_30' title="bbox 51 3059 1093 3149; baseline -0.002 -25"><span class='ocrx_word' id='word_1_231' title='bbox 51 3059 260 3136; x_wconf 81' lang='lat' dir='ltr'><strong>manialin,</strong></span> <span class='ocrx_word' id='word_1_232' title='bbox 284 3059 502 3147; x_wconf 75' lang='lat' dir='ltr'><strong>(Dornaineu,</strong></span> <span class='ocrx_word' id='word_1_233' title='bbox 515 3061 526 3145; x_wconf 86' lang='grc'>)</span> <span class='ocrx_word' id='word_1_234' title='bbox 548 3062 636 3126; x_wconf 85' lang='lat' dir='ltr'><strong>bono</strong></span> <span class='ocrx_word' id='word_1_235' title='bbox 654 3060 822 3126; x_wconf 84' lang='lat' dir='ltr'><strong>mensalia</strong></span> <span class='ocrx_word' id='word_1_236' title='bbox 834 3109 841 3140; x_wconf 92' lang='lat'><strong>,</strong></span> <span class='ocrx_word' id='word_1_237' title='bbox 854 3061 904 3149; x_wconf 83' lang='lat' dir='ltr'><strong>(T</strong></span> <span class='ocrx_word' id='word_1_238' title='bbox 905 3059 1093 3146; x_wconf 83' lang='lat' dir='ltr'><strong>afelgiiter.)</strong></span> 
     </span>
     <span class='ocr_line' id='line_1_31' title="bbox 49 3147 1095 3238; baseline -0.003 -23"><span class='ocrx_word' id='word_1_239' title='bbox 49 3150 95 3238; x_wconf 79' lang='lat'><strong>(5)</strong></span> <span class='ocrx_word' id='word_1_240' title='bbox 126 3147 398 3214; x_wconf 79' lang='lat' dir='ltr'><strong>Patrimonium</strong></span> <span class='ocrx_word' id='word_1_241' title='bbox 419 3151 612 3238; x_wconf 72' lang='lat' dir='ltr'><strong>principis,</strong></span> <span class='ocrx_word' id='word_1_242' title='bbox 628 3149 717 3237; x_wconf 92' lang='lat' dir='ltr'><strong>quod</strong></span> <span class='ocrx_word' id='word_1_243' title='bbox 741 3151 893 3238; x_wconf 86' lang='lat' dir='ltr'><strong>princeps</strong></span> <span class='ocrx_word' id='word_1_244' title='bbox 915 3149 1095 3238; x_wconf 85' lang='lat' dir='ltr'><strong>possidebat</strong></span> 
     </span>
     <span class='ocr_line' id='line_1_32' title="bbox 49 3237 1095 3327; baseline -0.001 -24"><span class='ocrx_word' id='word_1_245' title='bbox 49 3250 238 3324; x_wconf 84' lang='lat' dir='ltr'><strong>tamquam</strong></span> <span class='ocrx_word' id='word_1_246' title='bbox 252 3237 415 3325; x_wconf 85' lang='lat' dir='ltr'><strong>privatus,</strong></span> <span class='ocrx_word' id='word_1_247' title='bbox 437 3263 464 3305; x_wconf 92' lang='lat' dir='ltr'><strong>e.</strong></span> <span class='ocrx_word' id='word_1_248' title='bbox 483 3261 515 3326; x_wconf 87' lang='lat' dir='ltr'><strong>g.</strong></span> <span class='ocrx_word' id='word_1_249' title='bbox 531 3240 598 3327; x_wconf 89' lang='lat' dir='ltr'><strong>ejus</strong></span> <span class='ocrx_word' id='word_1_250' title='bbox 613 3239 696 3304; x_wconf 84' lang='lat' dir='ltr'><strong>bona</strong></span> <span class='ocrx_word' id='word_1_251' title='bbox 711 3237 902 3304; x_wconf 88' lang='lat' dir='ltr'><strong>hereditaria</strong></span> <span class='ocrx_word' id='word_1_252' title='bbox 922 3287 931 3314; x_wconf 95' lang='lat'><strong><em>‚</em></strong></span> <span class='ocrx_word' id='word_1_253' title='bbox 957 3238 1009 3303; x_wconf 87' lang='lat' dir='ltr'><strong>vel</strong></span> <span class='ocrx_word' id='word_1_254' title='bbox 1021 3260 1095 3326; x_wconf 76' lang='lat' dir='ltr'><strong>quta</strong></span> 
     </span>
     <span class='ocr_line' id='line_1_33' title="bbox 47 3327 1096 3418; baseline -0.002 -25"><span class='ocrx_word' id='word_1_255' title='bbox 47 3329 111 3393; x_wconf 89' lang='lat' dir='ltr'><strong>sibi</strong></span> <span class='ocrx_word' id='word_1_256' title='bbox 127 3349 198 3391; x_wconf 87' lang='lat' dir='ltr'><strong>sua</strong></span> <span class='ocrx_word' id='word_1_257' title='bbox 216 3328 354 3414; x_wconf 88' lang='lat' dir='ltr'><strong>pecunia</strong></span> <span class='ocrx_word' id='word_1_258' title='bbox 373 3330 451 3393; x_wconf 88' lang='lat' dir='ltr'><strong>emit</strong></span> <span class='ocrx_word' id='word_1_259' title='bbox 467 3328 480 3414; x_wconf 82' lang='lat'><em>(</em></span> <span class='ocrx_word' id='word_1_260' title='bbox 490 3351 562 3418; x_wconf 85' lang='lat' dir='ltr'><strong>quae</strong></span> <span class='ocrx_word' id='word_1_261' title='bbox 588 3328 682 3394; x_wconf 88' lang='lat' dir='ltr'><strong>hodie</strong></span> <span class='ocrx_word' id='word_1_262' title='bbox 705 3339 866 3394; x_wconf 85' lang='lat' dir='ltr'><strong>vocantur</strong></span> <span class='ocrx_word' id='word_1_263' title='bbox 889 3327 1096 3418; x_wconf 65' lang='lat' dir='ltr'><strong>(Clintonlb</strong></span> 
     </span>
     <span class='ocr_line' id='line_1_34' title="bbox 46 3416 1095 3507; baseline 0 -26"><span class='ocrx_word' id='word_1_264' title='bbox 46 3418 200 3507; x_wconf 71' lang='lat' dir='ltr'><strong>gitter).</strong></span> <span class='ocrx_word' id='word_1_265' title='bbox 226 3416 435 3506; x_wconf 85' lang='lat' dir='ltr'><strong>Quicumque</strong></span> <span class='ocrx_word' id='word_1_266' title='bbox 457 3418 619 3506; x_wconf 77' lang='lat' dir='ltr'><strong>itaqueex</strong></span> <span class='ocrx_word' id='word_1_267' title='bbox 642 3417 691 3483; x_wconf 91' lang='lat' dir='ltr'><strong>bis</strong></span> <span class='ocrx_word' id='word_1_268' title='bbox 712 3418 832 3498; x_wconf 88' lang='lat' dir='ltr'><strong>tribus,</strong></span> <span class='ocrx_word' id='word_1_269' title='bbox 846 3421 867 3482; x_wconf 94' lang='lat' dir='ltr'><strong>i.</strong></span> <span class='ocrx_word' id='word_1_270' title='bbox 891 3441 920 3484; x_wconf 88' lang='lat' dir='ltr'><strong>e.</strong></span> <span class='ocrx_word' id='word_1_271' title='bbox 935 3417 994 3483; x_wconf 74' lang='lat' dir='ltr'><strong>nel</strong></span> <span class='ocrx_word' id='word_1_272' title='bbox 1014 3440 1095 3482; x_wconf 87' lang='lat' dir='ltr'><strong>aera·</strong></span> 
     </span>
     <span class='ocr_line' id='line_1_35' title="bbox 46 3503 1099 3598; baseline -0.002 -25"><span class='ocrx_word' id='word_1_273' title='bbox 46 3507 177 3584; x_wconf 91' lang='lat' dir='ltr'><strong>rium,</strong></span> <span class='ocrx_word' id='word_1_274' title='bbox 207 3503 258 3568; x_wconf 87' lang='lat' dir='ltr'><strong>vel</strong></span> <span class='ocrx_word' id='word_1_275' title='bbox 276 3505 411 3585; x_wconf 85' lang='lat' dir='ltr'><strong>fiscum,</strong></span> <span class='ocrx_word' id='word_1_276' title='bbox 434 3507 485 3572; x_wconf 78' lang='lat' dir='ltr'><strong>vel</strong></span> <span class='ocrx_word' id='word_1_277' title='bbox 506 3507 741 3595; x_wconf 88' lang='lat' dir='ltr'><strong>patrimonium</strong></span> <span class='ocrx_word' id='word_1_278' title='bbox 764 3508 919 3598; x_wconf 89' lang='lat' dir='ltr'><strong>principis</strong></span> <span class='ocrx_word' id='word_1_279' title='bbox 941 3507 1099 3572; x_wconf 86' lang='lat' dir='ltr'><strong>adminis-</strong></span> 
     </span>
     <span class='ocr_line' id='line_1_36' title="bbox 47 3592 1098 3685; baseline 0.004 -25"><span class='ocrx_word' id='word_1_280' title='bbox 47 3606 174 3674; x_wconf 86' lang='lat' dir='ltr'><strong>trant,</strong></span> <span class='ocrx_word' id='word_1_281' title='bbox 191 3592 214 3656; x_wconf 92' lang='lat' dir='ltr'><strong>ii</strong></span> <span class='ocrx_word' id='word_1_282' title='bbox 230 3597 372 3678; x_wconf 84' lang='lat' dir='ltr'><strong>gaudent</strong></span> <span class='ocrx_word' id='word_1_283' title='bbox 391 3597 453 3661; x_wconf 85' lang='lat' dir='ltr'><strong>boc</strong></span> <span class='ocrx_word' id='word_1_284' title='bbox 472 3597 658 3685; x_wconf 80' lang='lat' dir='ltr'><strong>privilegio,</strong></span> <span class='ocrx_word' id='word_1_285' title='bbox 672 3609 708 3660; x_wconf 88' lang='lat' dir='ltr'><strong>ut</strong></span> <span class='ocrx_word' id='word_1_286' title='bbox 728 3610 925 3664; x_wconf 83' lang='lat' dir='ltr'><strong>excusentur</strong></span> <span class='ocrx_word' id='word_1_287' title='bbox 945 3621 963 3662; x_wconf 91' lang='lat' dir='ltr'><strong>a</strong></span> <span class='ocrx_word' id='word_1_288' title='bbox 987 3598 1098 3664; x_wconf 86' lang='lat' dir='ltr'><strong>tutela.</strong></span> 
     </span>
     <span class='ocr_line' id='line_1_37' title="bbox 47 3684 1125 3770; baseline -0.002 -18"><span class='ocrx_word' id='word_1_289' title='bbox 47 3686 122 3752; x_wconf 87' lang='lat' dir='ltr'><strong>Sed</strong></span> <span class='ocrx_word' id='word_1_290' title='bbox 143 3705 296 3769; x_wconf 72' lang='lat' dir='ltr'><strong>quaerere</strong></span> <span class='ocrx_word' id='word_1_291' title='bbox 317 3686 369 3750; x_wconf 90' lang='lat' dir='ltr'><strong>bic</strong></span> <span class='ocrx_word' id='word_1_292' title='bbox 387 3686 510 3766; x_wconf 84' lang='lat' dir='ltr'><strong>solent,</strong></span> <span class='ocrx_word' id='word_1_293' title='bbox 530 3687 611 3750; x_wconf 87' lang='lat' dir='ltr'><strong>sitne</strong></span> <span class='ocrx_word' id='word_1_294' title='bbox 626 3687 695 3750; x_wconf 87' lang='lat' dir='ltr'><strong>baec</strong></span> <span class='ocrx_word' id='word_1_295' title='bbox 716 3684 881 3752; x_wconf 80' lang='lat' dir='ltr'><strong>excusatio</strong></span> <span class='ocrx_word' id='word_1_296' title='bbox 896 3687 1102 3770; x_wconf 84' lang='lat' dir='ltr'><strong>voluntaria,-</strong></span> <span class='ocrx_word' id='word_1_297' title='bbox 1122 3722 1125 3728; x_wconf 92' lang='lat'>·</span> 
     </span>
     <span class='ocr_line' id='line_1_38' title="bbox 50 3774 1104 3863; baseline -0.001 -23"><span class='ocrx_word' id='word_1_298' title='bbox 50 3798 100 3840; x_wconf 87' lang='lat' dir='ltr'><strong>au</strong></span> <span class='ocrx_word' id='word_1_299' title='bbox 113 3774 330 3838; x_wconf 83' lang='lat' dir='ltr'><strong>necessaria?</strong></span> <span class='ocrx_word' id='word_1_300' title='bbox 351 3775 452 3852; x_wconf 88' lang='lat' dir='ltr'><strong>Sunt,</strong></span> <span class='ocrx_word' id='word_1_301' title='bbox 473 3775 528 3862; x_wconf 88' lang='lat' dir='ltr'><strong>qui</strong></span> <span class='ocrx_word' id='word_1_302' title='bbox 550 3797 623 3840; x_wconf 90' lang='lat' dir='ltr'><strong>eam</strong></span> <span class='ocrx_word' id='word_1_303' title='bbox 642 3787 760 3863; x_wconf 86' lang='lat' dir='ltr'><strong>putant</strong></span> <span class='ocrx_word' id='word_1_304' title='bbox 781 3777 991 3842; x_wconf 86' lang='lat' dir='ltr'><strong>necessariam</strong></span> <span class='ocrx_word' id='word_1_305' title='bbox 1010 3777 1104 3854; x_wconf 88' lang='lat' dir='ltr'><strong>ideo,</strong></span> 
     </span>
     <span class='ocr_line' id='line_1_39' title="bbox 49 3860 1106 3954; baseline 0.003 -27"><span class='ocrx_word' id='word_1_306' title='bbox 49 3861 157 3951; x_wconf 90' lang='lat' dir='ltr'><strong>qnod</strong></span> <span class='ocrx_word' id='word_1_307' title='bbox 184 3860 268 3926; x_wconf 89' lang='lat' dir='ltr'><strong>bona</strong></span> <span class='ocrx_word' id='word_1_308' title='bbox 285 3863 471 3948; x_wconf 85' lang='lat' dir='ltr'><strong>hujusmodi</strong></span> <span class='ocrx_word' id='word_1_309' title='bbox 486 3863 788 3929; x_wconf 87' lang='lat' dir='ltr'><strong>administratorum</strong></span> <span class='ocrx_word' id='word_1_310' title='bbox 807 3867 1021 3954; x_wconf 80' lang='lat' dir='ltr'><strong>oppignorata</strong></span> <span class='ocrx_word' id='word_1_311' title='bbox 1042 3869 1106 3931; x_wconf 86' lang='lat' dir='ltr'><strong>sint</strong></span> 
     </span>
     <span class='ocr_line' id='line_1_40' title="bbox 51 3949 1107 4046; baseline 0.006 -30"><span class='ocrx_word' id='word_1_312' title='bbox 51 3949 263 4040; x_wconf 74' lang='lat' dir='ltr'><strong>reipublicae</strong></span> <span class='ocrx_word' id='word_1_313' title='bbox 278 3953 327 4018; x_wconf 85' lang='lat' dir='ltr'><strong>rel</strong></span> <span class='ocrx_word' id='word_1_314' title='bbox 340 3951 418 4019; x_wconf 85' lang='lat' dir='ltr'><strong>fisco</strong></span> <span class='ocrx_word' id='word_1_315' title='bbox 433 3952 484 4023; x_wconf 84' lang='lat' dir='ltr'><strong>vel</strong></span> <span class='ocrx_word' id='word_1_316' title='bbox 500 3952 661 4046; x_wconf 84' lang='lat' dir='ltr'><strong>principi,</strong></span> <span class='ocrx_word' id='word_1_317' title='bbox 680 3954 825 4042; x_wconf 88' lang='lat' dir='ltr'><strong>adeoque</strong></span> <span class='ocrx_word' id='word_1_318' title='bbox 838 3955 970 4044; x_wconf 88' lang='lat' dir='ltr'><strong>pupillis</strong></span> <span class='ocrx_word' id='word_1_319' title='bbox 986 3954 1022 4019; x_wconf 89' lang='lat' dir='ltr'><strong>in</strong></span> <span class='ocrx_word' id='word_1_320' title='bbox 1044 3955 1107 4023; x_wconf 84' lang='lat' dir='ltr'><strong>illis</strong></span> 
     </span>
     <span class='ocr_line' id='line_1_41' title="bbox 103 4037 964 4120; baseline 0.008 -16"><span class='ocrx_word' id='word_1_321' title='bbox 103 4037 218 4108; x_wconf 71' lang='lat' dir='ltr'><strong>Palas</strong></span> <span class='ocrx_word' id='word_1_322' title='bbox 244 4057 368 4108; x_wconf 74' lang='lat' dir='ltr'><strong>rinnau.</strong></span> <span class='ocrx_word' id='word_1_323' title='bbox 927 4043 964 4120; x_wconf 79' lang='lat' dir='ltr'>V</span> 
     </span>
    </p>
   </div>
   <div class='ocr_carea' id='block_1_6' title="bbox 0 0 1326 4504">
    <p class='ocr_par' dir='ltr' id='par_1_7' title="bbox 0 0 1326 4504">
     <span class='ocr_line' id='line_1_42' title="bbox 0 0 1326 4504; baseline 0 0"><span class='ocrx_word' id='word_1_324' title='bbox 0 0 1326 4504; x_wconf 95' lang='lat' dir='ltr'><strong> </strong></span> 
     </span>
    </p>
   </div>
  </div>
 </body>
</html>
