2644 4504
235 272 301 340 29⁰
462 253 639 322 creua
666 256 703 334 1,
730 220 839 322 rrr.
870 254 1032 322 xxrn.

231 361 321 424 ravit
346 359 481 425 Paullus
503 364 641 450 Recept.
666 365 759 428 Sent.
789 365 849 430 lit.
881 367 969 442 ΙΙΙ,
999 367 1051 430 tit
1078 356 1132 439 It,
1158 359 1186 444 5
1205 377 1239 445 7.

229 451 374 535 Quando
394 462 433 538 tu
448 451 532 515 bona
553 465 689 540 paterna
711 457 879 540 avitaque,
899 455 1042 541 nequitia
1059 464 1111 516 tua
1129 450 1239 536 disper-

229 539 295 618 dis,
309 539 491 626 liberosque
505 553 577 605 tuos
598 542 640 606 ad
654 555 828 628 egesmtem
846 545 1015 633 perducis,
1032 542 1075 606 ob
1090 561 1158 604 eam
1175 559 1239 602 rem

226 629 288 694 tibi
304 651 342 693 ea
359 651 395 694 re
413 633 675 717 commercioque
695 632 864 696 interdico.
878 635 926 698 Eo
941 631 1048 710 facto,
1065 629 1166 696 statim
1186 625 1238 690 sub

228 741 309 788 cura
320 730 517 804 agnatorum
529 743 567 784 ac
579 723 752 808 gentilium
762 745 827 787 esse
840 722 1018 811 incipiebat
1030 719 1187 810 prodigus.
1305 729 1306 736 ’

270 862 490 942 Prodigorum.]
511 866 584 921 Jure
599 886 680 922 noro
697 885 794 941 neque
806 879 909 934 tutor,
924 887 1020 943 neque
1035 877 1153 923 curator
1163 863 1241 920 datur

227 945 374 1022 prodigo,
392 945 443 1002 sed
459 945 644 1004 consiliarius
657 959 774 1006 tautum
784 949 952 1007 adhibetur.
962 964 1018 1006 αντ.
1029 943 1093 1010 513.

477 1099 510 1182 ς.
533 1098 720 1165 cccxx
741 1112 774 1165 ei
791 1101 1006 1166 cccxxi.

163 1247 178 1258 ⁰
272 1250 415 1315 Dutivoe
426 1248 588 1313 curateloe
598 1249 716 1336 species
727 1251 834 1338 prima
846 1263 893 1316 est
904 1251 1058 1316 crerctcla
1070 1253 1242 1316 minorum.

230 1337 292 1406 An
314 1349 439 1424 ergoet
457 1336 507 1401 his
528 1351 692 1402 curatores
710 1339 780 1404 dari
793 1341 931 1427 jusserat
950 1341 1013 1427 leg.
1032 1341 1107 1404 ΧΠ
1126 1337 1243 1404 Tabbl

230 1430 388 1509 Minime,
403 1427 500 1513 idque
518 1426 561 1489 ob
578 1427 744 1514 duplicem
756 1431 927 1494 rationem.
942 1431 1034 1494 Nam
1057 1436 1102 1494 1⁰.
1118 1451 1155 1493 eo
1171 1440 1244 1491 tem-

228 1542 327 1606 pore,
337 1539 404 1604 quo
412 1516 486 1581 ΧΠ
494 1515 600 1580 Tabb.
613 1517 853 1598 condebantur,
864 1542 972 1585 severa
985 1529 1056 1585 erat
1063 1529 1096 1583 et
1105 1517 1245 1582 adcurata

230 1609 462 1672 Romanorum
476 1603 662 1692 disciplina,
676 1619 709 1670 et
722 1608 799 1671 hinc
813 1621 883 1672 tam
899 1607 985 1695 frugi
998 1620 1031 1672 et
1049 1607 1125 1672 boni
1137 1607 1246 1670 adoles·
1304 1653 1308 1690 3

228 1709 355 1774 centes,
376 1709 416 1759 ut
436 1695 474 1782 iis
494 1717 562 1758 nou
580 1718 664 1782 opus
684 1694 848 1762 videretur
861 1696 1184 1783 curatoribus3qu0d
1203 1716 1246 1756 se·
1307 1736 1308 1740 =

228 1787 344 1874 quiere
364 1807 436 1870 aeyo
462 1783 557 1848 aliter
579 1807 611 1850 ce
635 1785 754 1849 habere
773 1799 935 1874 coeperat,
958 1798 1134 1875 postquam
1163 1786 1247 1848 luxus
1307 1843 1308 1848 ,

226 1875 418 1943 inolevisset.
435 1880 482 1937 2⁰.
498 1874 584 1958 Quia
602 1886 731 1938 tautum
743 1873 855 1940 furiosi
867 1889 900 1940 et
914 1877 1044 1964 prodigi
1058 1873 1246 1962 accipiebant
1307 1899 1308 1910 κ

230 1976 413 2044 curatores,
430 1963 573 2027 curatela
588 1963 832 2048 quodammodo
846 1966 1016 2030 videbatur
1032 1963 1246 2052 ignominiosa.

229 2056 321 2121 Hinc
337 2051 491 2118 nolebant
506 2063 625 2120 veteres
635 2053 830 2138 legislatores
841 2055 1063 2141 ingenuorum
1074 2054 1246 2118 adolescen-

229 2146 316 2208 tium
342 2141 503 2232 pudorem
530 2142 699 2226 sugillare,
728 2166 846 2230 eosque
872 2144 971 2209 veluti
992 2145 1108 2209 eodem
1131 2143 1201 2206 loco
1222 2149 1247 2202 et

228 2253 371 2318 numero
381 2231 501 2296 habere
511 2252 590 2293 cum
600 2229 766 2296 furiosiset
775 2233 927 2320 prodigis.
939 2232 1247 2319 ignominiae-hujus,
1303 2299 1308 2319 Ἀ

229 2345 331 2409 quam
355 2321 506 2384 curatelae
529 2319 694 2385 adhesisse
719 2322 879 2404 diximus,
904 2323 1076 2409 vestigium
1098 2317 1248 2386 exstatiu

232 2413 257 2476 Ι.
270 2433 310 2488 2,
316 2407 364 2497 ff
376 2411 408 2472 si
420 2433 443 2472 a
450 2433 534 2495 par.
548 2411 626 2496 quis
638 2433 796 2475 manum.
808 2411 865 2474 ubi
877 2414 1036 2500 iniquum
1047 2435 1114 2476 esse
1125 2409 1249 2486 dicitur,

232 2497 395 2588 ingenuis
415 2499 613 2562 hominibus
634 2521 705 2572 nors
724 2510 795 2566 esst
812 2501 956 2566 liberam
977 2523 1096 2565 rernm
1117 2517 1250 2566 suarum
1304 2528 1306 2541 ·

229 2587 487 2656 alienationem.
509 2586 558 2653 At
576 2588 770 2675 procedente
788 2601 901 2654 mmen
922 2603 1068 2680 tempore
1094 2613 1113 2654 e
1133 2584 1250 2676 republ·

230 2678 302 2744 fore
313 2674 477 2742 creditum
498 2686 562 2754 est,
585 2688 623 2740 ut
638 2677 819 2742 minoribus
832 2691 1094 2761 succurreretur,
1115 2677 1189 2766 quia
1206 2675 1251 2738 lu·
1297 2642 1306 2753 l

228 2765 323 2834 brico
337 2763 438 2830 aeutis
452 2761 545 2829 facile
559 2765 623 2830 labi
639 2768 759 2854 possint
777 2791 815 2832 ae
829 2769 945 2858 decipi.
962 2771 1005 2834 Et
1021 2769 1100 2834 hinc
1117 2768 1181 2831 lata
1203 2764 1251 2828 lex

166 2875 213 2898 ⁸⁰*
233 2857 392 2925 Laetoria
398 2903 411 2934 ,
426 2854 591 2942 antiquior
604 2858 805 2944 temporibus
819 2859 943 2938 Plauti,
958 2859 1014 2944 qui
1028 2878 1103 2923 eam
1119 2857 1252 2944 quinam

232 2945 473 3014 attenuat-iam
499 2945 722 3032 adpetitum
744 2947 873 3012 Pseud.
903 2960 969 3012 act
993 2949 1036 3024 J,
1061 2971 1152 3012 scen.
1174 2941 1250 3017 111,
1299 2918 1308 2973 t

233 3061 267 3106 v.
293 3039 350 3102 68.
374 3034 419 3097 lla
443 3037 553 3120 itaque
576 3034 646 3120 lege
671 3043 708 3100 ιο.
727 3035 813 3100 finiti
831 3038 910 3100 anni
932 3031 1203 3120 majoreunitatis,
1222 3039 1252 3092 ul
1305 3119 1306 3122 Ἴ

171 3141 191 3202 l
231 3126 438 3212 majorenncs
452 3124 666 3204 haberentur,
685 3125 742 3210 qui
757 3127 895 3213 majores
910 3138 1012 3192 essent
1026 3127 1140 3192 XXV
1155 3120 1252 3196 annis,
1305 3135 1306 3138 ’

234 3218 315 3295 La,
340 3213 377 3278 0.
405 3213 534 3278 Tbeod.
550 3213 593 3278 de
618 3215 745 3280 Donat.
768 3223 812 3278 2⁰.
832 3216 1061 3280 introductum
1081 3227 1128 3280 est
1149 3206 1253 3280 benefi-

165 3333 199 3406 2
234 3306 325 3371 cium
344 3301 553 3367 restitutionis
572 3302 609 3366 iu
627 3303 794 3389 integrum
815 3304 850 3368 in
870 3305 1010 3390 gratiam
1033 3305 1198 3370 minorum
1217 3315 1255 3360 ex

235 3402 409 3464 contractu
427 3392 531 3475 aliove
552 3394 682 3478 negotio
704 3395 865 3458 iecorum.
891 3395 1010 3458 Plout.
1032 3394 1125 3460 Rud.
1145 3391 1193 3455 A.
1210 3384 1248 3452 V
1245 3429 1253 3446 ·

235 3505 326 3548 scen.
352 3483 380 3543 3
392 3507 403 3556 ,'
425 3503 458 3545 ν.
483 3487 528 3545 25
538 3529 549 3561 ,
576 3477 783 3552 Priscianus
810 3483 869 3548 lib.
893 3482 1017 3562 VIII,
1037 3507 1076 3570 p.
1101 3477 1175 3568 794
1190 3527 1200 3556 ,
1227 3483 1256 3538 el

236 3571 298 3640 tib.
313 3567 460 3635 XVIII
463 3617 474 3646 ,
488 3593 524 3656 p.
547 3567 640 3634 1164.
654 3571 702 3635 5⁰.
719 3573 826 3636 Etiam
844 3583 977 3643 cautum
994 3583 1058 3653 est,
1073 3584 1110 3636 ut
1127 3562 1255 3634 minori·

173 3701 191 3745 1,
236 3664 300 3727 bus
317 3660 363 3724 25
386 3659 479 3725 anuis
495 3659 676 3724 volentibus
697 3660 821 3748 (invitis
839 3662 929 3726 onim
948 3673 1132 3726 curatorem
1151 3657 1255 3722 obtru-

163 3750 189 3806 )
236 3753 324 3816 dere·
335 3747 589 3836 ignominiosum
604 3749 799 3837 ,videbatur)
822 3763 986 3816 curatores
1005 3773 1112 3816 canna
1135 3743 1255 3831 cognita

238 3842 405 3906 darentur.
422 3837 581 3904 Attamen
602 3835 703 3906 nesio
727 3841 859 3929 quidem
877 3841 951 3907 satis
972 3841 1157 3906 consultum
1177 3831 1255 3900 vide·
