2646 4496
218 371 291 470 aa
504 329 959 460 nnmn1‚rmtx.

213 492 350 570 lestans,
362 488 420 578 qui
432 489 543 554 omnia
556 511 613 554 suu
632 489 715 554 buna
727 489 980 577 abliguriverat,
997 489 1128 556 nolebat
1139 501 1265 560 tamen

215 579 478 734 zoggrrfflmslgam
500 575 638 670 Lysiteli
662 579 730 644 sine
763 579 837 643 dote
861 599 1001 645 uxorem
1022 581 1099 645 dare
1111 629 1122 662 ,
1143 579 1265 648 addita

238 833 296 892 Sed
310 844 344 890 ut
353 832 456 908 inops,
473 832 589 890 infamis
601 852 638 890 ne
650 832 724 902 sint,
738 852 792 891 nec
805 834 878 890 mibi
888 835 965 892 bane
974 835 1083 894 famant
1094 835 1264 908 differant,

239 930 288 986 Me
300 929 471 1004 germanam
484 945 579 984 meam
592 945 726 984 sororem
736 927 768 983 in
780 926 1011 986 concubinatum
1023 930 1076 986 tibi

236 1021 285 1082 sic
298 1021 359 1078 sine
370 1021 439 1078 dote
453 1019 567 1078 dedisse
579 1021 690 1097 magis,
711 1021 803 1100 quarn
816 1023 848 1078 iu
864 1021 1097 1081 matrimonium.
1155 1019 1161 1026 ’

218 1179 296 1245 Sine
310 1179 384 1244 dote
398 1178 506 1266 itaque
519 1187 593 1242 tum
605 1177 662 1243 vix
676 1177 829 1265 distingui
846 1191 973 1267 poterat
987 1201 1074 1246 uxor
1090 1203 1268 1253 soonen-

220 1268 309 1334 bina.
323 1269 365 1332 Et
376 1268 452 1334 hinc
462 1289 530 1332 nun
538 1269 676 1348 mirum,
690 1267 911 1334 iustiniauum
923 1269 1121 1356 requisivisse
1134 1272 1269 1340 instrue

156 1371 158 1376 ’
220 1368 331 1422 menta
343 1357 473 1422 dotalia.
487 1356 536 1422 At
549 1353 645 1422 hodie
658 1379 734 1422 saue
749 1351 841 1422 laoile
855 1357 1104 1444 distinguuntur,
1116 1383 1214 1428 uxor
1232 1377 1269 1432 et

221 1445 404 1512 concubina
418 1469 478 1536 pet·
499 1451 647 1532 tsgstmlu
666 1445 934 1528 ecclesiasticam,
954 1469 1013 1514 uec
1035 1451 1183 1540 amplius
1201 1453 1269 1521 illo

221 1537 315 1622 signo
329 1558 412 1626 opus
425 1546 482 1600 est.

260 1691 362 1748 Codex
376 1689 510 1764 Napoleo
528 1687 769 1770 legitintationem
782 1708 836 1764 per
847 1689 1022 1766 subsequens
1032 1695 1268 1754 matrimonium

222 1771 373 1842 admittit,
393 1781 440 1840 et,
455 1783 490 1828 ut
504 1770 553 1828 illa
572 1771 685 1838 valeat,
700 1771 757 1826 hoc
772 1771 870 1828 solutu
885 1771 993 1848 exigit,
1008 1786 1043 1830 ut
1057 1774 1142 1830 liberi
1158 1790 1268 1836 natu-

221 1856 298 1912 rales
322 1872 340 1910 a
362 1863 448 1928 patre
469 1865 499 1909 et
518 1864 611 1908 matre
629 1852 688 1908 sint
702 1852 812 1928 agniti,
824 1854 871 1910 vel
892 1863 964 1911 actu
984 1855 1157 1914 authentico
1191 1873 1267 1918 ante

223 1935 342 2012 nuptias
355 1934 490 1992 contecto
500 1974 509 2002 ,
521 1935 566 1992 vel
579 1933 650 2009 ipsis
660 1933 811 1992 dotalibus
823 1935 1035 1996 instrumentis.
1054 1952 1110 1997 art.
1126 1935 1209 2000 331.

619 2091 848 2178 ucLXX.

266 2253 362 2318 Alter
384 2249 500 2316 modus
511 2247 713 2335 legitimandi
726 2261 771 2313 est
784 2248 911 2316 oblatio
922 2252 1038 2318 curiae.
1055 2247 1270 2323 Hic'modus
1320 2289 1322 2297 2

218 2353 319 2408 estex
335 2338 579 2428 antiquitatibus
591 2339 808 2403 illustrandus.
825 2339 887 2405 Per
901 2342 1036 2406 curium
1056 2342 1110 2406 hic
1125 2345 1269 2413 intelli-

219 2443 344 2518 guntur
357 2429 563 2516 magistratus
577 2427 808 2516 municipales,
827 2428 863 2492 itt
886 2429 1018 2516 singulis
1030 2431 1119 2496 enim
1134 2455 1206 2499 mu
1213 2439 1270 2502 ni-

219 2521 312 2609 uipiis
329 2529 424 2583 erant
436 2527 616 2596 senatores,
631 2517 689 2602 qui
706 2516 895 2582 decuriones
908 2518 1130 2602 vocabantur,
1147 2524 1270 2613 iisque

218 2618 383 2698 praeeraut
393 2605 562 2671 duumviri
574 2653 584 2686 ,
598 2605 698 2670 veluti
718 2606 874 2670 eonsules.
890 2607 966 2672 lam
980 2608 1049 2673 haec
1065 2623 1164 2676 erant
1182 2615 1272 2681 offi-

215 2699 264 2764 cia
281 2719 359 2762 cum
373 2695 529 2783 dignitate
545 2695 936 2782 conjunctu,etproetereu
947 2697 1067 2762 isurdo
1085 2703 1269 2785 gaudebat

214 2786 438 2875 jurisdictione
452 2785 488 2850 in
499 2781 690 2873 municipio.
703 2783 925 2850 Nihilominus
937 2797 1047 2851 tamen
1059 2787 1100 2854 ab
1112 2788 1169 2854 bis
1181 2815 1270 2859 mu-

219 2876 350 2942 neribus
363 2875 511 2940 maxime
524 2873 743 2938 abhorrebant
754 2873 916 2954 homines,
932 2875 1011 2940 adeo
1027 2887 1062 2940 ut
1084 2877 1268 2948 Barnabas
1321 2899 1322 2930 t

217 2966 357 3032 Brissun.
374 2968 412 3030 in
423 2963 572 3050 Antiqu.
597 2963 698 3028 Rom.
720 2961 917 3044 observarit,
935 2964 1111 3050 aliquando
1133 2968 1270 3038 Chris·

217 3057 322 3121 tianos
344 3077 361 3120 a
386 3051 535 3142 gentibus
547 3051 706 3140 ‘supplicii
732 3073 838 3116 caussa
858 3051 1001 3116 addictos
1022 3052 1115 3118 fuisse
1135 3061 1267 3126 aurite.

217 3143 316 3210 Ratio
338 3154 407 3222 est,
429 3141 518 3229 quod
542 3151 668 3206 sumtus
683 3141 821 3204 maximi
837 3138 976 3206 faciendi
992 3154 1123 3207 esseuta
1139 3151 1271 3216 curia·
1314 3204 1318 3217 .

216 3233 311 3300 libus.
325 3231 416 3298 Nam
431 3252 490 3295 suo
503 3229 673 3294 oereedere
683 3229 840 3294 debebant
851 3231 1048 3318 spectacula,
1063 3231 1181 3316 ludos,
1197 3262 1270 3328 po-

216 3323 297 3414 pulo
313 3319 463 3386 convivia
476 3317 641 3407 prebere,
656 3319 736 3387 adeo
749 3318 971 3405 utaliquando
985 3321 1179 3386 universum
1197 3349 1270 3416 pa·
1319 3365 1320 3372 κ

214 3412 410 3478 trimunium
433 3407 617 3472 absorberet
640 3407 696 3470 illa
717 3407 865 3494 dignitas.
890 3407 984 3500 viu„
998 3409 1121 3498 Antiq.
1159 3429 1267 3482 nost.

216 3502 321 3572 Rom.
342 3501 376 3563 ts
398 3507 424 3562 t.
449 3498 565 3582 Quum
580 3495 688 3582 itaque
702 3507 769 3560 tant
789 3495 956 3583 splendida
972 3510 1051 3564 esset
1070 3499 1267 3570 curialium

217 3589 345 3656 miseria
359 3635 369 3667 ,
384 3581 560 3676 privilegiis
574 3586 670 3648 variis
688 3585 840 3674 pellectus
863 3585 1007 3650 videmus
1023 3587 1200 3671 homiues,
1226 3606 1267 3660 ut

216 3679 351 3746 numina
366 3675 468 3742 curiae
481 3673 613 3752 durent,
627 3673 712 3738 iuter
733 3696 807 3762 quae
823 3675 920 3740 etiam
936 3673 999 3740 suit
1011 3675 1074 3741 boo
1090 3677 1268 3748 'l'lteodo-
1320 3743 1321 3760 ,

225 3770 364 3845 lanum,
384 3775 441 3845 ut,
460 3762 566 3852 siquis
581 3760 1148 3844 filiumnaturalemoffeaetcuria,
1167 3780 1265 3836 tuno
1320 3803 1321 3816 κ

65 3793 587 3942 ,zfflffisimtegutmsretun
602 3851 625 3918 l.
640 3855 675 3932 3,
690 3852 713 3918 l.
726 3854 761 3932 t,
775 3853 798 3918 l.
810 3875 850 3940 9,
865 3851 904 3917 0.
915 3853 956 3917 de
968 3865 1040 3919 not.
1053 3853 1111 3921 tit.
1125 3855 1265 3926 Enim-

40 3927 402 4056 &isles-arimenum
412 3943 511 4018 hodie
533 3961 601 4012 aaa
619 3963 700 4034 opus
714 3944 753 4008 ait
767 3941 815 4008 bis
828 3941 1005 4034 privilegiis
1015 3991 1025 4031 ,
1043 3955 1075 4010 et
1095 3943 1265 4016 homines

146 4033 227 4080 „sq
261 4035 287 4082 ’,ε
304 4059 316 4074 ,,

152 4169 159 4195 Ι·
180 4165 234 4178 -1ιι,
297 4179 310 4191 ΙΙ

151 4213 157 4248 t

156 4276 157 4282 ,
277 4275 281 4282 .
