2644 4504
114 372 116 380 s
165 333 814 424 unnenulvmnnnounnn.
829 332 996 403 nonin.
1028 327 1103 440 ais

272 468 891 606 §.cccxmietoooxm11.

125 690 240 756 Modus
261 691 451 780 adquirendi
468 689 655 780 simpliciter
674 689 865 777 originarius
884 700 931 755 est
952 710 1095 776 occupa·

84 773 150 857 tio,
173 777 244 868 quae
260 791 436 850 astrorum
461 779 691 867 corporalium
714 779 843 868 nullius
868 777 1092 868 μσρρνεὴιεηειό

87 889 160 932 cum
182 871 299 935 animo
322 869 391 938 cibi
414 867 572 936 habendi.
595 868 678 934 Haec
700 866 843 935 definitio
864 879 950 934 recte
972 865 1038 932 inte
1064 889 1095 930 ι-

5 959 6 1012 ἒ
84 947 792 1046 ffivmufoc‘cfflffidpretenuo,
809 955 986 1044 etquidem
1001 954 1095 1036 talis,

5 1113 6 1134 χ
84 1045 207 1128 qualem
222 1070 273 1112 res
287 1047 426 1137 patitur,
442 1069 471 1112 e.
488 1068 520 1132 g.
542 1057 578 1108 ut
598 1043 702 1110 feram
715 1044 862 1134 capiam,
877 1057 914 1110 ut
927 1064 1093 1131 gemmam
1187 1058 1189 1062 ·

5 1141 6 1154 ’
83 1131 212 1216 tollam,
227 1147 266 1202 ut
282 1136 357 1202 urbi
370 1135 547 1201 immittam
561 1133 689 1223 copias}
700 1133 745 1200 ita
762 1134 851 1200 enim
864 1134 917 1199 hae
930 1155 980 1198 res
993 1154 1095 1198 oocu-

81 1222 148 1306 pasi
160 1225 274 1290 solent.
288 1225 351 1290 Sed
365 1224 512 1305 additur,
529 1245 606 1290 eum
622 1225 738 1288 animo
755 1222 822 1288 sibi
843 1221 1003 1289 labendi.
1023 1220 1095 1286 Nisi

5 1341 7 1350 ι
81 1309 164 1378 enim
180 1312 204 1378 is
217 1314 317 1396 adsit,
332 1312 583 1402 adprehensione
600 1311 681 1376 nihil
696 1311 915 1400 adquirimus;
935 1309 1095 1398 quemad·

81 1399 212 1466 modum
235 1415 268 1468 st
290 1402 416 1467 animus
438 1424 507 1466 non
530 1397 647 1466 sufficit
669 1399 736 1465 sine
755 1399 1017 1489 adpsehcnsione.
1039 1398 1093 1463 Sic

82 1507 107 1548 e·
118 1510 149 1573 g.
163 1491 189 1554 si
202 1489 339 1557 fiiriosus
347 1490 470 1577 aliquid
485 1489 582 1570 tollit,
597 1511 667 1567 cem
681 1511 749 1554 non
763 1500 920 1578 occupat,
935 1488 1009 1576 quia
1025 1488 1098 1552 ani-

79 1595 147 1642 mus
164 1579 223 1645 sibi
239 1578 381 1648 habendi
398 1580 494 1646 deest.
509 1578 629 1644 Contra
653 1577 678 1642 si
697 1578 798 1666 quise
815 1577 951 1644 fenestra
965 1577 1094 1667 prospi-

81 1663 161 1730 ciens
176 1667 283 1736 videat
303 1689 468 1758 gemmam
483 1668 519 1733 in
533 1667 602 1732 luto
612 1667 774 1755 jacentem
788 1718 797 1750 ,
813 1679 843 1732 et
857 1665 992 1747 clamet,
1007 1666 1094 1730 banc

5 1801 6 1810 κ
78 1753 318 1839 mihibabebo,
338 1780 406 1822 non
425 1755 647 1836 sitdominus,
666 1755 692 1820 si
712 1755 792 1822 elius
814 1754 998 1845 praetcriens
1019 1761 1093 1819 eam
1140 1837 1142 1842 ,
1257 1780 1260 1786 ·

79 1842 163 1927 prior
175 1845 405 1935 adprehendat.
418 1845 546 1912 Debent
557 1866 635 1932 ergo
643 1845 847 1932 conjunctim
861 1841 965 1910 adesse
978 1842 1095 1931 adpre·

5 1933 6 2002 ἦ
78 1927 183 1997 hensio
197 1936 373 2025 corporalis
388 1944 424 2000 et
435 1935 562 1999 animus
576 1933 636 1998 sibi
649 1933 799 1999 habendi.
817 1933 981 1998 Addimus
994 1951 1095 2020 porro
1210 1960 1214 1966 ·“

5 2011 7 2070 i
78 2017 110 2084 in
123 2019 325 2105 delinitione,
343 2025 394 2090 rei
413 2025 553 2089 nullius.
573 2021 641 2088 Ubi
657 2023 747 2087 enim
763 2045 813 2088 res
831 2021 898 2108 jam
921 2021 1094 2087 dominum
1141 2035 1149 2045 ‘

76 2105 189 2194 habet,
205 2113 418 2204 occupatione
430 2135 505 2179 sane
517 2133 590 2177 sam
602 2124 746 2177 nostram
763 2110 852 2178 haud
868 2109 1022 2196 facimus,
1037 2110 1108 2174 sed
1138 2191 1142 2200 ἢ
1182 2181 1185 2188 ,
1201 2124 1203 2129 ·

5 2249 7 2278 ,Ἴ
75 2192 197 2274 furtum
221 2201 458 2268 committimus
479 2201 710 2266 contrectando
734 2219 806 2267 rem
829 2201 974 2266 alienam
990 2198 1094 2264 invito
1181 2207 1184 2216 “

6 2279 7 2316 ³
77 2284 216 2356 domino.
239 2291 321 2356 Inde
340 2291 448 2376 itaque
470 2289 564 2356 facile
588 2289 813 2376 intelliguntur
836 2301 976 2376 quatuor
997 2289 1094 2354 axio-

75 2388 173 2459 mata,
189 2403 263 2467 quae
276 2381 306 2466 ς.
322 2377 539 2462 CCCXLIII,
552 2378 592 2447 de
605 2380 816 2468 occupatione
830 2377 987 2445 dedimus.
1003 2377 1093 2443 Nam

6 2497 7 2504 ¹
77 2477 117 2528 1⁰·
131 2489 204 2552 quse
228 2467 350 2534 nullius
365 2479 462 2549 suut,
486 2467 606 2532 cedunt
624 2468 808 2557 occupanti.
828 2468 870 2532 In
889 2469 960 2560 jure
981 2480 1092 2532 nostro
1164 2504 1166 2508 ·

6 2555 8 2600 ἵ
74 2564 178 2622 autem
193 2557 313 2646 aliquid
333 2557 453 2622 nullius
468 2555 586 2644 dicitur
600 2555 653 2624 vel
668 2567 818 2640 nutura,
833 2557 934 2623 veluti
947 2555 1040 2648 piscis
1055 2556 1097 2642 in'

73 2644 173 2726 mari,
193 2644 261 2712 fera
279 2646 395 2726 bestia,
416 2647 448 2731 ς.
468 2665 529 2725 42,
549 2665 590 2711 aa
600 2694 613 2726 ,
634 2645 725 2712 Inct.
748 2647 780 2710 Ιι.
802 2657 825 2710 t.
848 2647 899 2711 vel
915 2651 1065 2732 tempore
1075 2691 1096 2725 ,a

72 2733 151 2815 quia
166 2735 283 2801 veteris
304 2734 428 2799 domini
443 2737 603 2801 memoria
621 2757 690 2800 non
703 2746 827 2816 exstat,
842 2733 945 2801 veluti
959 2735 1091 2798 thessa.

8 2873 9 2876 ,
71 2824 372 2910 1·us,§.39,Inct.
388 2821 422 2888 It
439 2834 463 2889 t.
475 2819 636 2908 'calfacto
655 2822 773 2912 prioris
786 2821 931 2903 domini,
947 2821 1003 2908 qui
1018 2843 1090 2888 rem

70 2929 105 2972 eo
119 2913 229 2978 animo
244 2912 382 3001 abjecit,
400 2913 487 2999 quod
503 2911 584 2976 nolit
597 2934 670 2976 eam
685 2909 721 2976 in
737 2933 876 2978 numero
888 2931 1000 2976 serum
1014 2932 1091 2975 sua-

7 3011 8 3018 *
69 3017 142 3063 rum
156 3001 299 3080 habere3
321 3022 463 3088 quaeres
484 3001 520 3065 in
537 3001 642 3089 specie
660 3012 819 3066 vocantur
864 3023 901 3064 ro
921 2999 1026 3065 dereli
1045 3001 1090 3066 tic

70 3085 216 3170 tatitae,
239 3091 270 3178 ς.
291 3087 363 3170 46,
387 3089 476 3158 Inct.
500 3090 533 3155 u.
557 3099 582 3153 t.
604 3090 656 3156 Dc
677 3024 933 3155 omnibusbalet
956 3086 1089 3170 axioma
1158 3155 1160 3164 ,

68 3188 213 3244 nostrum
236 3206 245 3242 ι
271 3171 356 3264 Ques
378 3177 498 3249 nullius
517 3189 622 3260 sunt,
646 3179 766 3244 cedunt
784 3175 984 3266 occupanti,
1010 3177 1088 3264 quia

68 3263 147 3330 nihil
160 3279 225 3348 est,
241 3267 329 3355 quod
344 3267 531 3356 occupantis
544 3267 727 3332 dominium
737 3266 903 3356 impediat.
920 3269 967 3331 θ’.
985 3262 1088 3332 Occu·

62 3353 215 3443 potiofit
229 3359 346 3424 animo
361 3368 394 3421 et
407 3367 487 3422 actu
501 3357 671 3442 corporali
684 3355 799 3422 simul.
815 3354 984 3442 Quamdiu
997 3357 1087 3423 enim

66 3459 131 3509 uon
143 3445 342 3549 adprehensa
357 3457 403 3520 est
415 3467 485 3526 res3
499 3444 658 3530 cubilest,
673 3468 732 3510 cnr
746 3445 907 3526 dicamus,
924 3467 996 3510 rem
1012 3467 1088 3512 ma-

67 3530 111 3613 gis
133 3555 230 3600 unius
250 3555 351 3620 quam
369 3530 499 3600 alterius
515 3555 590 3600 csse.
616 3535 650 3598 Si
672 3545 783 3600 antem
802 3557 870 3599 non
890 3547 936 3600 est
959 3534 1088 3600 animus

64 3617 339 3708 adprehendend,
352 3635 442 3690 astus
456 3635 582 3689 nonest
597 3623 782 3705 humanus,
798 3625 942 3712 adeoque
955 3624 1086 3689 nullum

65 3719 164 3794 potest
181 3711 332 3778 effectum
352 3711 481 3778 civilem
505 3712 699 3800 produceres
718 3713 946 3802 Adptchensio
974 3725 1085 3776 antem
1125 3767 1134 3775 .

65 3801 235 3885 corporalis
248 3823 361 3868 rerum
373 3801 593 3866 immobilium
607 3801 768 3866 ordinarie
781 3800 818 3864 fit
833 3821 953 3881 manu,
968 3801 1086 3866 immo-

66 3879 174 3957 bilium
187 3888 321 3982 petibus
335 3885 386 3980 vel
403 3891 548 3980 ingressu
562 3889 599 3958 in
613 3913 694 3958 rem.
714 3889 804 3966 Hinc
820 3888 912 3960 facile
926 3887 1083 3988 intelligi-
