2646 4496
210 265 512 338 nannenus
534 236 943 338 ntnmnmoun.
1035 266 1099 341 soa

83 385 198 440 ουτοι
207 375 290 442 urbe
303 377 339 442 in
354 377 454 444 aliam
464 375 628 442 civitatem
639 375 887 460 discedendum,
899 397 1001 464 eoque
1013 374 1100 442 facto

13 519 14 522 ,
83 465 183 530 duum
200 467 254 553 jus
269 465 406 533 civitatis
421 465 611 545 amittebat,
631 465 705 552 quis
728 465 802 554 joie
825 465 979 532 Romano
1000 485 1100 534 nemo

13 607 15 664 ἱ
82 565 201 642 poterat
220 555 363 622 duarum
384 553 555 620 civitatum
577 555 657 622 ‘civis
675 577 758 636 esse,
779 565 856 620 teste
879 557 980 622 Com.
1010 555 1098 644 Nep.

13 703 14 714 ,
82 643 117 707 in
128 645 197 710 oica
212 644 338 724 Attici,
348 669 378 710 c.
389 647 422 710 3.
436 643 517 712 Vid.
530 643 706 733 Antiqua.
717 658 804 710 nnat.
817 641 920 711 Rom.
929 647 963 711 Ιι.
972 657 997 710 t.
1004 646 1034 732 ς
1048 667 1098 709 so.

13 761 14 800 ῑ
81 731 234 800 Famdem
248 733 390 810 madiani
399 733 512 823 capitis
522 733 778 800 dominationum
790 735 975 823 patiuntur,
987 743 1035 798 2⁰.
1045 734 1100 798 da·

13 809 15 896 i
76 824 213 906 potenti.
233 823 301 890 Ubi
318 823 576 904 observandum,
595 847 688 912 aquae
701 836 734 888 et
744 823 827 911 ignis
838 825 1101 892 interdictionem

13 901 15 976 i
81 913 205 1000 proprie
218 935 289 978 non
303 913 493 1016 discrepasse
508 937 526 977 a
541 913 763 1002 deportatione
774 923 785 994 ,‘
795 911 1101 1002 namotdeportatis

80 1016 158 1087 aqua
170 1014 202 1068 et
214 1001 286 1090 igni
297 1002 567 1084 manducabam:
583 1002 736 1068 differunt
747 1015 856 1068 tameo
868 1001 994 1068 effectu.
1007 1003 1101 1069 Olim

78 1091 179 1173 enim,
193 1091 310 1178 quibus
322 1113 407 1179 aqua
418 1101 451 1174 et
463 1093 530 1178 igni
543 1091 755 1160 interdictum
769 1091 893 1174 inerat,
909 1093 932 1157 ii
950 1102 1102 1181 poterant

77 1199 132 1244 sno
144 1181 321 1248 arbitriose
331 1179 493 1264 conferre,
507 1175 714 1270 quocumque
724 1183 853 1247 velient.
867 1181 917 1246 At
931 1183 1100 1268 Augusto,

78 1292 155 1336 cum
162 1271 203 1334 ab
215 1271 380 1336 exsulibus
390 1270 450 1335 iliis
462 1271 497 1335 in
510 1283 599 1335 tanta
609 1269 754 1335 libertate
767 1271 969 1336 morantibus
977 1273 1101 1336 seditio-

77 1369 337 1439 nemmatnecet,
357 1359 451 1424 Livia
470 1362 593 1447 conjnx
612 1371 772 1438 suaserat,
792 1371 830 1424 ut
854 1383 908 1425 eos
925 1359 960 1424 in
980 1357 1100 1424 insoles

75 1448 198 1535 juberet
210 1449 329 1516 abduci
339 1461 372 1513 et
383 1448 428 1513 ibi
441 1449 583 1530 includis
597 1450 684 1514 nnda
702 1460 811 1540 postea
826 1449 997 1536 damnati·
1009 1449 1099 1514 dicti.

79 1539 154 1605 Vid.
170 1539 236 1604 Dio
252 1540 338 1620 Cass.
354 1539 458 1604 Hac·
471 1537 530 1603 tit.
550 1539 628 1606 GV.
639 1563 679 1626 p.
699 1539 780 1604 562.
796 1538 863 1618 Hi,
879 1537 996 1630 quibus
1011 1559 1098 1628 aqua

77 1639 106 1691 et
118 1629 187 1716 igni
205 1627 434 1708 interdictum,
451 1639 479 1693 et
494 1627 655 1717 deportati
672 1627 875 1716 conjunctim
897 1627 1100 1693 vocabantur

79 1717 221 1786 Excelsa
232 1719 250 1800 ‚'
269 1740 350 1806 quoa
364 1739 444 1782 eum
468 1717 643 1808 Relegatis
664 1737 733 1782 non
751 1739 816 1783 ease
835 1714 1106 1804 confundendos,

76 1805 138 1892 jam
157 1831 256 1900 snpra
270 1829 313 1872 ex
327 1807 448 1874 Ovidio
464 1808 660 1872 ostendimus
673 1807 704 1893 §-
725 1827 798 1894 192·
890 1813 892 1818 ’

117 1918 311 1984 Minimum
333 1917 472 2004 deniqne
493 1916 606 2005 capitis
629 1915 886 1982 deminutionem
907 1916 1098 2006 patiuntur,

81 2014 121 2071 1⁰.
136 2007 324 2096 Arrogoti,
345 2007 421 2093 quia
445 2023 487 2070 ex
504 2003 690 2070 hominibus
703 2005 751 2070 sui
768 2005 850 2092 juris
870 2008 921 2072 vel
936 2005 1099 2094 patribus-

13 2149 15 2156 ,
77 2093 209 2161 familias
221 2097 307 2161 fiunt
319 2093 526 2166 attonitus.
542 2106 587 2165 2⁰.
599 2097 859 2184 Arrogotorum
870 2095 987 2176 liberi,
1002 2096 1094 2184 quia,

78 2207 149 2252 cum
158 2197 233 2251 ante
242 2195 343 2250 essent
351 2185 386 2249 in
397 2193 847 2274 pomnatepatmmsuorum,
854 2183 926 2272 jam
934 2207 1011 2250 cum
1023 2185 1098 2272 ipsis

13 2327 14 2332 1
77 2275 215 2426 panibus
223 2275 258 2339 in
267 2275 639 2374 arrogantispotestatem
647 2274 999 2370 rediguntur‚adeoque
1007 2273 1098 2340 fami·
1200 2345 1203 2355 q

90 2364 150 2429 iam
160 2375 302 2430 mutant.
317 2363 358 2428 L.
374 2365 408 2443 3,
410 2387 468 2452 pr.
476 2361 523 2454 ff.
532 2361 575 2428 de
588 2363 700 2451 Capit.
708 2363 793 2430 mim
801 2363 1096 2452 &Emancipato
1202 2395 1214 2428 s

13 2459 14 2510 i
78 2453 135 2520 Sed
148 2457 201 2522 hic
213 2453 350 2520 dubium
362 2453 439 2518 oriri
454 2463 566 2540 potest.
579 2453 785 2542 Emancipati
805 2475 849 2517 ex
870 2451 943 2520 filiis
961 2453 1098 2518 familias

13 2533 15 2580 ⁵
78 2541 574 2634 fiuntpatresfamii‘ias,adeoque
584 2554 813 2609 monacorum
823 2565 890 2608 non
900 2555 1047 2614 motatur
1061 2542 1098 2612 in

78 2631 226 2718 deterius,
241 2633 295 2698 sad
311 2632 490 2722 innodius,
501 2653 579 2718 ergo
594 2653 662 2698 non
677 2643 778 2722 potest
789 2631 853 2696 dici
865 2632 979 2738 capitis
990 2631 1097 2701 demi—

77 2719 176 2789 nutio.
195 2720 260 2789 Sed
273 2714 358 2812 resp.
375 2713 472 2810 hujus
494 2721 607 2810 capitis
620 2719 849 2788 deminutionis
870 2711 964 2786 fuisse
985 2721 1097 2806 singu-

76 2809 367 2892 lamentationem,
386 2831 504 2913 nempe
520 2811 593 2898 quia
616 2809 695 2875 olim
711 2809 928 2898 emancipatio
942 2809 1013 2876 fieri
1028 2831 1097 2876 non

75 2913 215 2990 poterat,
230 2901 292 2968 nisi
301 2923 364 3004 per
377 2900 604 2990 imaginariam
617 2899 834 2964 venditionem
846 2899 882 2964 in
894 2899 1096 2963 servitutem.

76 2991 168 3058 Unde
182 2989 379 3080 emancipati
393 2989 464 3054 ideo
479 2989 669 3054 dicebantui·
686 2988 790 3078 capite
803 2986 928 3070 minui,
944 2989 1021 3078 quia
1038 2987 1096 3051 da-

76 3078 273 3147 ducebantur
285 3083 320 3144 in
335 3075 562 3166 imaginariam
577 3095 719 3142 caussam
735 3077 905 3157 servilem,
920 3076 942 3141 l.
956 3079 996 3158 ὃ,
1009 3078 1040 3162 §.
1062 3100 1096 3160 s,

68 3167 112 3258 ff
136 3169 168 3237 d.
194 3183 218 3237 t.
239 3169 336 3236 Adde
358 3191 455 3258 supra
473 3167 507 3254 ς.
535 3168 608 3254 ¹95·
627 3167 691 3232 Sed
709 3165 743 3232 id
761 3165 856 3238 hodie
876 3178 974 3238 cessat
987 3213 1002 3248 „
1020 3167 1096 3254 quia

78 3261 308 3352 etimaginaria
322 3259 376 3323 illa
393 3257 534 3323 venditio
548 3257 584 3320 in
598 3256 855 3350 emancipatione
870 3267 988 3337 cessat,
1001 3267 1095 3346 post·

79 3371 180 3436 quam·
193 3363 226 3416 et
241 3349 453 3415 Anastasiana
476 3358 510 3410 et
533 3345 731 3412 Justinianea
751 3347 968 3436 emancipatio
990 3346 1097 3416 inno·

79 3437 169 3506 ducta
176 3466 190 3525 ,-
208 3440 248 3506 de
263 3461 327 3528 qua
340 3437 453 3504 itidem
466 3459 562 3526 supra
577 3447 690 3502 actum
700 3438 732 3524 ς.
753 3436 814 3526 196
827 3459 894 3526 seq.

435 3604 465 3688 s.
498 3601 756 3680 ccxxix„

118 3751 284 3860 siperest,
305 3773 346 3828 ut
365 3773 398 3828 et
412 3749 640 3850 dispiciamus,
656 3783 699 3825 an
709 3761 810 3845 hujus
822 3760 978 3827 doctrinae
991 3757 1099 3826 deca-

82 3857 149 3948 pitis
170 3853 394 3928 deminutione
419 3852 533 3942 aliquis
564 3851 606 3920 sit
630 3852 736 3918 usus?
763 3854 807 3921 Et
832 3849 1095 4007 reffindemw
