2644 4504
206 335 274 404 31⁰
457 337 625 407 uteru
649 341 686 424 1,
709 341 818 409 uir.
846 341 987 410 xxv.

207 471 285 524 stunt
304 458 468 550 1⁰.furor
478 513 491 542 ,
511 463 705 543 dementia,
719 463 900 543 surditia,
916 465 1062 532 caecitas.
1078 457 1227 548 Quamvis

212 549 302 615 enim
316 550 353 614 bi
372 555 537 630 omnes‚si
551 565 742 618 testamento
750 555 817 619 dati
828 555 910 634 sint,
925 577 996 618 non
1009 563 1228 619 removeamur

211 663 231 703 a
244 639 362 719 tutela,
376 642 431 706 sed
442 643 563 708 interea
578 643 660 706 alius
670 643 766 708 detur
781 657 871 710 tutor
878 695 890 725 ,
908 645 1012 708 donec
1024 641 1230 730 impedimen-
1315 695 1316 714 t

211 741 285 794 tom
298 743 415 811 cesset3
427 731 526 818 idque
541 733 642 797 etiam
659 739 706 797 2⁰.
719 734 756 798 in
773 735 1035 800 minorenm'bua
1049 741 1232 796 testamento
1255 743 1284 807 ,¹4
1301 729 1305 739 '

212 819 296 884 datis
310 817 456 884 obtineat
472 825 483 908 l
497 823 528 905 ς.
543 823 620 888 213.
631 823 665 897 l:
681 844 751 888 non
769 824 989 892 admittuntur
1001 835 1114 888 tamen
1129 819 1169 884 ad
1180 831 1232 882 tu·
1256 854 1305 914 :st

208 909 282 976 telae
295 910 629 992 administrationem,
646 913 805 999 quamdiu
815 911 1033 992 suintila-ioci,
1052 912 1229 986 dementes,
1314 975 1315 994 ἶ

206 1000 315 1078 surdi,
330 1001 425 1079 mci,
438 1001 667 1076 minoreunosa
686 1003 762 1086 quia
787 1023 853 1065 non
870 1013 1005 1090 posunt
1020 1023 1086 1065 esse
1097 1009 1233 1074 tutores,

207 1089 265 1172 qui
286 1088 348 1174 ipsi
375 1089 517 1154 aliorum
544 1091 730 1169 directioni,
753 1113 872 1181 nempe
902 1091 1073 1167 curaulae,
1094 1088 1231 1152 subsunt.

135 1183 189 1214 θ
207 1177 262 1241 3⁰.
276 1177 430 1263 Ejusdem
442 1181 567 1264 generis
577 1182 820 1246 excusationem
836 1180 951 1245 tribuit
966 1180 1106 1244 militia.
1122 1175 1233 1242 Milites
1314 1243 1315 1264 ¹

206 1267 297 1332 enim
310 1315 320 1346 ‚
342 1287 383 1330 ue
396 1267 421 1331 si
434 1269 553 1333 vellent
568 1269 721 1356 quidem,
741 1282 863 1336 tutores
874 1293 938 1335 esee
951 1279 1106 1358 possunt,
1125 1286 1165 1328 ne
1177 1286 1233 1327 ne·
1314 1271 1315 1323 1

206 1357 302 1442 gotiis
314 1357 499 1446 hujusmodi
511 1359 669 1424 similibus
681 1383 701 1424 a
716 1361 815 1448 signis
830 1359 1081 1438 abstrahantur,
1097 1353 1120 1420 l.
1137 1351 1161 1420 4
1168 1403 1181 1434 ,
1198 1350 1231 1416 0.

206 1447 271 1600 pui
291 1448 367 1513 dar.
390 1460 455 1514 tut.
478 1447 595 1536 Neque
613 1462 726 1516 tamen
745 1462 944 1516 excusantur
958 1449 1078 1514 milites
1100 1469 1120 1511 a
1140 1441 1232 1510 tutela

221 1535 387 1602 iberorum
401 1537 681 1620 commilitonum,
702 1541 779 1628 quia
798 1539 853 1606 alii
863 1565 931 1606 uon
944 1551 1021 1605 sunt
1034 1539 1071 1604 in
1084 1547 1233 1625 promtu,

149 1626 266 1712 *qni
281 1627 469 1712 hujusmodi
478 1628 587 1695 libetis
604 1641 725 1696 tutores
739 1631 809 1696 dari
825 1632 960 1719 possint.
973 1630 1120 1694 Excusat
1134 1626 1180 1689 4⁰.
1194 1624 1233 1689 lia

207 1739 288 1780 oum
295 1717 451 1804 pupillo,
464 1720 496 1804 ς.
506 1715 548 1800 4,
561 1720 679 1786 Instit.
694 1719 729 1783 le.
742 1731 766 1784 t.
781 1743 850 1786 non
863 1719 966 1786 modo
979 1741 1137 1806 praesens,
1147 1713 1231 1813 sedet

205 1802 320 1870 futura
335 1805 388 1871 vel
402 1807 597 1888 imminens,
620 1809 716 1874 Nou.
728 1829 796 1894 72,
817 1835 846 1874 e.
865 1834 899 1888 ι,
912 1831 953 1887 a,
968 1807 1016 1887 4,
1040 1810 1123 1872 a'deo
1136 1815 1191 1882 ut,
1209 1824 1233 1865 u

207 1903 299 1960 tutor
321 1895 415 1960 datus
428 1897 520 1960 litem
543 1897 732 1975 hujusmodi
745 1898 976 1977 dissimulavit,
990 1909 1022 1961 et
1036 1897 1172 1960 tutelam
1185 1913 1234 1956 re-

206 1985 347 2074 ceperit,
363 1986 511 2074 ispostea
527 1997 699 2074 tamquam
709 1999 874 2076 suspectus
881 1985 1043 2052 removeri
1055 1984 1162 2073 possit.
1171 1981 1231 2046 Ex·

209 2085 301 2138 cusat
317 2075 362 2140 50.
381 2071 610 2140 sacerdotium
627 2088 659 2140 et
673 2075 900 2141 monachatus
907 2126 919 2155 ,
939 2076 1033 2141 Nov.
1058 2078 1134 2150 123,
1149 2082 1231 2133 utne

208 2163 353 2228 volentes
366 2164 500 2252 quidem
513 2165 751 2244 admittantur3
766 2176 984 2254 praeterquam
1000 2165 1089 2249 quod
1103 2158 1231 2251 presby·
1313 2239 1314 2248 ἵ

207 2253 269 2318 teri
281 2266 313 2318 et
326 2253 456 2318 diaconi
473 2254 487 2338 (
499 2276 568 2318 non
579 2254 659 2319 item
670 2253 897 2343 episcopilad
909 2250 1231 2338 tutelamlegitimam

207 2342 440 2408 admittuntur.
459 2343 561 2428 Cujus
583 2343 630 2408 rei
652 2343 737 2408 ratio
759 2342 839 2422 fuit,
867 2366 909 2408 ne
926 2342 1106 2408 sacerdotes
1130 2357 1231 2405 rerum

207 2430 396 2516 hujusmodi
408 2455 489 2496 cura
503 2457 522 2496 a
538 2433 630 2496 cultu
644 2431 756 2496 divino
768 2444 801 2498 et
810 2432 922 2498 studiis
931 2432 1043 2510 sacru,
1056 2427 1231 2494 monachia

207 2518 359 2607 precibus
379 2531 412 2584 et
424 2521 614 2586 recitatione
628 2520 780 2588 breviarii
792 2532 827 2586 et
839 2522 997 2587 horarum
1014 2518 1233 2584 abstraheren-

208 2621 275 2672 tur.
293 2609 357 2674 Sed
372 2608 468 2674 hodie
482 2621 516 2674 et
532 2610 712 2676 sacerdotes
726 2609 960 2691 admittuntur,
976 2610 1003 2674 si
1024 2609 1162 2674 tutelam
1181 2624 1231 2670 ve-
1315 2615 1316 2644 ³

205 2696 268 2762 lint
276 2697 450 2800 suscipere,
459 2698 548 2786 apud
562 2699 785 2772 Protestantes.
798 2700 948 2766 lmmoet
957 2710 1110 2764 tenentur
1121 2707 1234 2760 tutores

204 2807 269 2852 esse
278 2835 288 2868 ,
303 2786 329 2852 si
344 2787 381 2852 irs
398 2787 613 2854 demandetur
632 2788 732 2852 tutela
754 2787 933 2854 liberorum
948 2787 1084 2874 collegae
1100 2786 1150 2854 vel
1171 2781 1232 2846 ole-

207 2875 286 2954 rici‚
308 2877 409 2944 modo
424 2876 605 2966 possideant
619 2877 799 2944 immobilia
815 2878 864 2944 vel
877 2877 1039 2944 satisdeut.
1056 2877 1233 2970 Excusatur

186 2979 189 2988 “
209 2965 255 3030 6⁰.
267 2965 365 3032 etiam
378 2967 527 3032 moritus
537 2991 559 3032 a
570 2991 654 3036 ctera
672 2968 789 3041 uxoria
802 2966 1026 3046 minorennis,
1037 2965 1060 3030 l.
1075 2988 1116 3045 a,
1128 2961 1164 3030 C.
1178 2981 1233 3048 qut

205 3054 377 3136 claritat,
396 3057 418 3122 l.
439 3055 497 3136 14,
513 3057 549 3121 0.
564 3057 607 3122 cle
617 3053 825 3142 cursorios·
843 3056 1030 3127 Periculum
1041 3055 1137 3126 ‚enim
1150 3059 1230 3126 erat,

205 3165 247 3208 ne
263 3147 399 3210 maritus
412 3168 496 3234 saepe
511 3156 625 3210 auctor
639 3143 729 3210 fieret
742 3144 777 3209 in
789 3168 859 3211 rem
871 3167 983 3225 suam,
996 3157 1028 3210 et
1037 3143 1135 3210 uxori
1146 3139 1232 3228 blau·

206 3231 292 3297 ditiis
303 3235 509 3322 persuaderet
523 3234 646 3314 multa,
660 3257 733 3320 quae
744 3233 805 3324 ipsi
818 3235 906 3300 haud
917 3253 1037 3326 parum
1047 3223 1229 3300 detrimenti

206 3319 326 3388 inferre
351 3335 490 3412 possent.
510 3323 574 3388 Sed
596 3322 693 3390 hodie
715 3345 765 3406 res
791 3323 884 3390 aliter
905 3347 938 3390 se
963 3323 1062 3388 habet
1080 3321 1229 3410 plerisque

204 3407 294 3476 locis.
317 3411 457 3476 Maritus
481 3411 570 3478 euim
592 3413 653 3478 illis
669 3411 705 3476 in
726 3412 820 3493 lociS,
841 3413 897 3477 ubi
922 3411 1050 3478 feminae
1070 3417 1226 3500 perpetuae

205 3497 358 3564 curatolae
377 3501 528 3582 subsunt,
547 3499 612 3566 lere
627 3513 674 3566 est
688 3500 871 3592 ordinarius
887 3501 1000 3568 uxoris
1014 3524 1079 3602 spuo
1093 3505 1225 3566 curator·

246 3663 355 3730 Furor,
366 3663 530 3732 deviantia,
544 3663 621 3741 etc]
640 3663 814 3720 Absurdum
832 3664 910 3720 enim
921 3675 1016 3732 esset,
1035 3661 1059 3721 si
1077 3660 1123 3717 alii
1134 3653 1224 3714 nomi-

203 3759 328 3810 naretur
342 3756 443 3813 tutor,
463 3745 517 3820 qui
533 3747 622 3802 rebus
635 3746 695 3802 suis
708 3765 858 3820 superesse
869 3765 930 3802 non
942 3756 1057 3820 potest,
1071 3755 1098 3798 et
1110 3747 1223 3816 propter

205 3833 281 3888 hanc
294 3845 412 3886 causam
426 3827 494 3912 ipse·
508 3837 637 3882 tutorem
651 3827 748 3886 babet.
769 3827 845 3885 Hinc
864 3827 994 3884 minores
1007 3867 1016 3896 ,
1037 3836 1146 3882 tutores
1167 3831 1222 3874 etse

208 3929 269 3970 non
282 3919 429 3987 possunt,
450 3919 505 3964 art.
518 3905 578 3967 tta
590 3920 627 3966 οῦ.
640 3921 669 3965 et
681 3919 721 3966 2⁰.
1129 3904 1137 3916 ⁸
