2756 4504
214 355 279 423 sec
508 349 679 422 tinen
701 355 761 438 11,
785 349 891 424 r1r.
914 357 944 422 1.

256 463 385 550 Regula
398 463 439 530 de
453 465 504 530 his
519 465 671 530 omnibus
691 489 754 530 mia
773 477 819 530 est
827 515 838 546 ,
851 465 1075 532 accessorium
1084 461 1249 548 sequitur

213 577 319 618 susem
331 555 551 640 principale.-
571 555 749 644 principale
771 567 882 622 autem
899 568 968 636 ml,
988 554 1031 618 ob
1049 553 1139 640 quod
1158 549 1247 615 alte-

211 665 290 708 rum
307 654 364 706 est.
384 645 415 728 5.
441 644 518 710 554.
540 646 630 732 Ergo
647 667 691 710 ex
712 668 752 710 eo
770 645 933 732 sequitur,
958 645 1010 710 1⁰.
1032 655 1070 708 ut
1090 665 1163 720 res,
1180 661 1246 726 per

217 730 589 814 adlemuminationem,
611 736 813 800 intexturam
838 747 873 800 et
897 734 1030 822 reliquis
1050 731 1155 796 modis
1182 727 1248 790 ad-

210 821 336 907 junctas
353 835 471 888 nostrae
486 825 650 899 materiae,
669 837 787 890 nostrie
803 824 895 890 fiant.
915 823 1117 912 Exemplum
1136 817 1246 884 lrabe-

212 909 466 998 1112212129,
485 915 516 998 §.
540 899 601 993 13¹,
607 913 655 1003 ff
676 915 717 978 dc
735 939 813 980 aur.
829 937 907 998 arg.
928 914 952 978 l.
973 935 1036 1001 27,
1054 933 1114 998 pr.
1126 907 1174 998 ff.
1196 907 1243 970 de

155 1011 163 1030 ·
212 998 263 1064 Α.
278 998 323 1063 R.
341 999 390 1066 D.
409 1003 440 1086 5.
459 1005 523 1081 26,
542 1025 606 1089 27,
630 1004 721 1068 Inst.
741 1005 776 1069 Ιι.
796 1017 822 1070 t.
846 1005 966 1070 Unum
979 1022 1092 1066 casum
1107 995 1245 1083 excepit

212 1087 429 1169 lastinianus,
445 1114 565 1180 nempe
581 1094 755 1181 picturam.
775 1093 891 1178 Quum
909 1094 999 1157 enim
1016 1101 1139 1156 veteres
1153 1085 1245 1150 exis-

213 1176 390 1259 timarent,
414 1202 488 1244 eam
507 1181 619 1246 cedere
640 1181 779 1261 tabolae,
799 1183 822 1248 1.
844 1185 910 1260 23,
935 1185 967 1267 5.
989 1183 1033 1259 3,
1048 1177 1096 1269 ffi
1122 1175 1165 1242 cle
1190 1174 1245 1238 rei

213 1266 307 1330 vind.
323 1267 392 1355 ipse
412 1270 538 1358 primm
554 1271 596 1334 ob
621 1271 697 1335 artis
712 1271 858 1359 pictoriae
875 1271 1068 1356 dignitatem
1086 1290 1124 1330 ac
1140 1287 1248 1352 2223-
1369 1291 1370 1308 ¹

212 1355 354 1420 tantiam
370 1361 515 1440 censuit,
531 1360 677 1424 tabulam
692 1359 831 1448 picturae
845 1360 958 1426 cedere
973 1359 1107 1436 debere,
1125 1355 1156 1440 §-
1171 1351 1245 1429 34,

214 1444 307 1509 Inst.
330 1446 365 1511 lr.
388 1457 414 1512 t.
440 1447 481 1512 Iu
502 1449 632 1536 reliquis
651 1450 802 1516 omnibus
821 1450 907 1515 valet
926 1449 1040 1535 regula
1056 1456 1131 1512 ante
1154 1443 1246 1508 data.

217 1545 265 1597 2⁹.
282 1533 346 1616 Ut,
366 1537 455 1621 quod
469 1538 516 1602 rei
537 1550 656 1602 nostine
672 1540 866 1623 adjunctum
883 1550 949 1619 est,
966 1560 1035 1602 nou
1053 1535 1152 1624 possit
1167 1532 1249 1596 vin·

214 1620 329 1688 dicari.
346 1624 524 1709 Quomodo
541 1630 632 1692 enim
651 1627 852 1694 vindicarem
866 1651 896 1693 e.
920 1650 953 1713 g.
974 1645 1142 1714 gemmam
1162 1618 1249 1686 Titii

214 1713 339 1777 annulo
355 1714 546 1798 inclusam,
571 1740 676 1803 quum
701 1718 738 1781 in
760 1717 815 1784 illa
837 1739 970 1802 gemme
994 1716 1101 1782 Titius
1127 1733 1249 1777 come-

212 1813 334 1888 quutus
355 1804 397 1868 sit
418 1805 631 1870 dominium?
653 1807 742 1892 Quia
764 1817 875 1872 tamen
903 1806 1057 1892 iniquum
1076 1813 1123 1870 etl
1134 1850 1146 1883 ,
1159 1800 1249 1866 alle·

214 1913 293 1956 rum
329 1915 409 1958 cum
443 1894 573 1959 alterius
606 1895 728 1960 damno
748 1894 821 1960 11211
853 1895 1131 1984 locupletiorem,
1165 1889 1249 1954 hinc
1371 1891 1372 1898 ’

214 1980 287 2044 aliae
302 1983 443 2048 actiones
458 1983 595 2071 proditae
613 1995 710 2065 sunt,
730 1984 847 2070 quibus
862 2005 1100 2071 consequamur
1114 1979 1250 2046 indem-

214 2070 353 2134 nitatem
367 2121 376 2149 ,
392 2071 419 2136 si
438 2073 569 2154 quando
587 2096 637 2138 res
656 2085 767 2138 nostra
789 2073 903 2138 alienae
921 2073 1067 2138 materiae
1088 2069 1248 2155 adjuncto
1372 2119 1373 2142 1

214 2159 266 2224 sit.
284 2161 420 2224 sienim
434 2161 586 2226 domiuus
601 2163 744 2227 materies
760 2159 797 2228 iu
813 2162 899 2228 bona
912 2162 976 2228 fide
989 2162 1046 2240 sit,
1058 2180 1156 2244 agere
1167 2179 1248 2246 pos-
1372 2159 1373 2162 ’

214 2271 288 2312 sum
304 2250 345 2314 ad
364 2251 607 2331 exhibendum,
622 2253 667 2317 L.
687 2253 751 2330 23,
767 2253 798 2336 §.
815 2259 840 2316 5
848 2302 858 2332 ,
868 2249 916 2340 ff
937 2251 978 2315 de
1001 2251 1052 2314 rei
1072 2247 1167 2313 vind·
1190 2245 1249 2314 vel

215 2337 421 2406 condictione
439 2342 507 2405 sine
522 2364 649 2421 caussa,
668 2343 699 2426 §
715 2343 763 2405 26
772 2390 781 2418 ,
797 2342 888 2406 Inst.
908 2343 943 2404 Ιι.
958 2352 982 2404 t.
997 2341 1048 2404 vel
1064 2339 1193 2408 actione
1207 2335 1249 2402 in

214 2423 357 2504 factum,
369 2429 410 2494 de
425 2430 447 2494 l.
462 2433 526 2509 23,
537 2433 570 2514 §.
582 2435 622 2509 5,
637 2430 679 2494 de
692 2431 738 2496 R.
757 2428 805 2495 V.
821 2429 880 2494 Sin
895 2429 929 2494 in
944 2430 1031 2494 mala
1042 2426 1124 2504 lide,
1140 2425 1249 2491 liabeo

216 2515 380 2582 notionem
401 2515 480 2582 furti
497 2531 530 2583 et
548 2519 787 2584 condictionem
809 2516 989 2597 furtivam,
1009 2517 1040 2602 §.
1065 2518 1117 2582 26
1122 2565 1133 2594 ,
1153 2515 1248 2580 Inet.

215 2605 251 2670 h.
270 2615 295 2670 t.
312 2605 361 2670 In
376 2603 604 2694 aedificatione
617 2608 766 2694 quasdam
780 2607 1054 2691 suntsingularia.
1067 2605 1157 2668 Nam
1168 2603 1250 2690 quia

214 2693 347 2758 interest
361 2696 569 2784 reipublicae,
586 2698 704 2762 urbem
723 2696 825 2761 ruinis
839 2697 929 2760 hand
947 2693 1144 2775 deformari,
1166 2693 1249 2758 hinc

215 2782 321 2870 Legg.
340 2783 416 2849 XII
433 2785 517 2850 Tab.
535 2799 670 2851 cantum
687 2783 814 2866 suerat,
826 2795 883 2864 ut,
900 2785 926 2849 si
942 2785 1014 2871 quis
1024 2784 1130 2848 aliena
1141 2795 1251 2856 mate-

89 2899 93 2907 ·
216 2873 266 2938 ria
285 2873 322 2937 in
339 2874 409 2939 sole
427 2899 486 2940 sno
505 2875 689 2940 aedificasset
700 2926 710 2956 ,
722 2875 857 2940 materia
869 2897 938 2939 non
948 2873 1187 2952 vindicaretur,
1201 2894 1249 2937 ne

216 2963 300 3028 aedes
325 2964 597 3042 dissolverentur,
623 2966 678 3030 sed
700 2965 851 3030 adversus
876 2984 1085 3051 possessorem
1111 2961 1248 3026 daretur

217 3053 302 3116 actio
321 3054 365 3118 de'
381 3055 475 3142 tigno
493 3055 609 3142 juncto
622 3055 657 3119 in
673 3055 813 3143 duplum
828 3079 837 3117 ι
851 3053 901 3117 sin
912 3053 1052 3140 duplum
1074 3052 1146 3139 quis
1161 3047 1252 3114 non-

215 3142 295 3208 dum
311 3155 389 3207 esset
399 3157 633 3232 consequutus,
650 3144 759 3208 diruto
774 3143 910 3208 aedificio
924 3142 1095 3206 materiam
1109 3141 1249 3228 quisque

214 3233 380 3298 vindicare
395 3235 448 3300 vel
466 3235 509 3299 ad
525 3233 749 3298 exhibendum
767 3255 861 3319 agere
876 3243 996 3320 posset,
1015 3232 1046 3316 5.
1068 3251 1112 3316 29
1124 3281 1137 3310 ,
1152 3231 1248 3295 Inst.

214 3321 249 3386 lt.
269 3331 293 3384 t.
309 3322 400 3406 Quid
417 3345 513 3403 vero,
527 3323 552 3388 si
570 3324 642 3411 quis
659 3347 716 3387 sua
732 3322 870 3388 materia
886 3321 921 3384 in
935 3321 1040 3384 alieno
1054 3317 1158 3384 fundo
1171 3319 1251 3384 aedi·

213 3409 346 3476 11222111
366 3413 464 3477 Tunc
486 3423 543 3476 ant
566 3412 724 3500 possidet,
747 3423 892 3476 autnon
911 3410 1049 3499 possidet
1068 3409 1250 3475 edificium

212 3521 271 3562 sua
297 3502 433 3565 materia
456 3503 687 3567 exstructum?
710 3502 744 3567 si
765 3501 926 3590 possidet,
950 3511 1029 3562 tunc
1048 3510 1107 3563 aut
1126 3497 1248 3581 bonas,

215 3598 273 3652 eut
288 3589 385 3654 malae
399 3591 475 3656 fidei
491 3611 649 3680 possessor
666 3601 723 3656 est.
743 3591 779 3655 si
795 3590 887 3654 bonae
901 3587 996 3668 fidei,
1013 3589 1112 3653 habet
1125 3589 1176 3672 jus
1190 3609 1251 3652 re-

217 3679 392 3776 tentionis,
413 3681 436 3744 1.
454 3705 482 3746 2.
501 3681 676 3746 aedilicium
693 3695 761 3744 non
780 3680 870 3767 prius
892 3679 1026 3742 domino
1045 3678 1104 3742 soli
1122 3678 1251 3759 tradit,

215 3789 317 3854 quam
341 3771 446 3858 pretio
469 3771 614 3836 materias
630 3771 755 3849 soluto,
779 3769 921 3856 adeoque
941 3779 1092 3854 agentem
1114 3776 1252 3834 eatenus

213 3859 350 3944 repellet
371 3861 653 3949 exceptione·doli
682 3861 785 3940 meli3
808 3861 857 3924 sin
883 3858 1059 3923 maletida
1087 3857 1251 3945 possid'et',

211 3947 294 4011 nihil
315 3971 377 4038 pro
397 3953 533 4017 materia
553 3957 609 4016 s'ue
629 3949 767 4038 recipit,
787 3962 819 4014 et
836 3948 1020 4014 dominium
1039 3947 1107 4034 ejus
1125 3947 1256 4014 amisit
