2756 4504
211 304 278 373 436
494 305 666 375 LIBER
689 305 749 388 ΙΙ,
774 301 882 384 TIT.
905 306 978 374 lx:
1064 361 1067 369 .

269 423 276 438 ·
314 477 346 562 S.
374 475 700 545 CCCCLXXVI
726 489 760 544 ct
787 472 1158 544 CCCCLXXVIL'

256 639 339 704 Tale
363 651 411 705 est
436 639 605 727 peculium
623 638 775 706 militare.
794 639 967 728 Quidquid
985 650 1079 706 extra
1099 633 1262 702 militiam
1311 692 1318 700 .

210 727 298 797 filius
312 729 476 816 adquirit,
493 729 526 794 id
549 731 691 817 pertinet
701 731 743 795 ad
754 731 924 822 peculium
929 752 1121 819 paganum
1135 739 1168 792 et
1179 725 1263 812 qui·

215 819 315 899 dem,
330 821 354 884 si
369 819 450 907 quid
465 821 507 884 ad
523 819 630 884 lilium
652 847 670 886 e
689 846 727 886 rc
743 823 858 908 patria
866 873 878 902 ,
892 821 946 886 vel
965 817 1263 905 contemplatione

214 909 317 1000 patris
330 909 495 999 pervenit,
508 909 542 974 id
555 910 937 1000 vocaturpmfictilium
949 938 961 976 .·
973 908 1089 997 siquid
1102 905 1264 986 aliunde,

212 1022 315 1088 quam
331 1023 349 1063 a
366 1013 481 1089 patre,
500 1023 529 1064 e.
545 1023 579 1087 g.
596 1025 614 1065 a
629 1013 756 1082 matre,
771 1001 822 1066 vel
837 1001 878 1065 ab
891 1012 1068 1080 extraneo,
1084 997 1127 1063 ad
1146 995 1263 1060 filium

212 1091 362 1176 pervenit
377 1091 435 1172 ‚id
451 1091 680 1156 adventitium
691 1091 894 1180 adpellatur3
906 1091 1082 1178 quoetiam
1095 1084 1261 1166 refertum

213 1179 376 1268 quidquid
394 1179 480 1244 filius
493 1181 546 1244 vel
563 1182 698 1271 pioprio
713 1181 842 1268 labore,
865 1194 961 1270 puta,
976 1205 1037 1269 per
1050 1191 1135 1244 artes
1148 1175 1261 1242 illibe-

212 1270 319 1350 rates,
344 1293 373 1334 e.
405 1293 437 1354 g.
465 1293 525 1358 per
550 1285 655 1336 artem
680 1272 858 1354 sutoriam,
883 1274 1079 1350 sartoriam,
1104 1267 1262 1336 fabiilem
1367 1279 1368 1304 ¹

214 1358 346 1424 aliudve
362 1359 531 1462 opilicium
547 1411 557 1440 ,
571 1384 632 1426 nec
646 1385 734 1442 non,
757 1361 917 1448 quidquid
933 1382 1088 1450 prospera
1101 1357 1262 1438 fortuna,
1367 1427 1368 1456 ¹

212 1470 247 1513 e.
274 1469 307 1534 g.
333 1472 394 1536 per
418 1449 643 1516 inventionem
666 1452 810 1516 thesauri
828 1453 865 1514 in
884 1453 959 1524 loco
977 1451 1083 1528 alieno
1097 1499 1106 1527 ‚
1121 1460 1186 1512 etc.
1199 1446 1267 1514 ad-'
1367 1489 1368 1530 ;

213 1537 339 1628 quirit,
354 1541 386 1624 §.
405 1562 439 1618 1,
455 1541 545 1605 Inat.
559 1539 593 1603 h.
608 1541 738 1606 t.'Nihit
754 1541 808 1606 hic
823 1540 1021 1620 obscurum,
1035 1549 1261 1630 praeterquam
1367 1555 1368 1626 ζ

214 1628 306 1715 quod
321 1639 354 1693 ct
366 1633 404 1693 ea
417 1631 590 1694 retulimus
602 1631 644 1696 ad
655 1621 822 1718 peculium
831 1625 1076 1720 profectitium,
1091 1651 1165 1715 quae
1177 1649 1262 1692 con-

214 1718 431 1806 templatione
442 1720 544 1808 patris
558 1721 626 1786 filio
638 1722 853 1786 obvenerunt.
870 1721 911 1787 Id
924 1743 1001 1788 vero
1011 1720 1055 1788 ita
1069 1717 1262 1804 intelligen-
1367 1707 1368 1724 ¹

215 1807 323 1888 dum,
340 1819 379 1871 ut
393 1859 400 1885 ‚
417 1809 443 1873 si
460 1809 528 1876 filio
545 1811 625 1898 quid
639 1811 756 1892 datur,
778 1812 939 1890 donatur,
964 1811 1120 1896 legatur‚.
1134 1807 1177 1872 ab
1198 1826 1262 1872 ex-

215 1907 332 1962 traneo
351 1898 505 1984 quidem,
525 1901 579 1964 scd
591 1913 727 1990 propter
737 1901 839 1989 patris
852 1901 987 1988 merita,
1002 1899 1037 1964 id
1051 1920 1151 1965 omne
1164 1917 1261 1984 teque

215 1987 260 2052 ad
275 1989 443 2076 peculium
458 1987 681 2078 profectitium
695 1991 856 2081 peitineat
865 2041 875 2071 ,
891 2013 929 2054 ac
943 1989 999 2056 sie
1014 2011 1050 2054 re
1065 1987 1166 2077 patris
1177 2009 1261 2076 pno-
1367 2047 1368 2074 *

213 2075 341 2144 fectum
362 2075 481 2144 fuisset.
501 2079 542 2144 Ε.
557 2102 590 2166 g.
605 2081 632 2147 si
646 2103 707 2168 ego
723 2081 830 2146 amico
849 2081 886 2144 in
897 2077 1121 2168 foroopcram
1139 2097 1262 2142 navas-

214 2188 286 2232 scm
297 2217 306 2246 ‚
319 2170 410 2254 isque
426 2167 655 2256 mihi-offerret
675 2171 893 2244 honorarium
903 2220 914 2249 ‚,
936 2169 1024 2256 quod
1039 2190 1099 2254 ego
1118 2187 1260 2256 respuo:

216 2257 344 2322 amicus
368 2269 481 2323 autem
502 2254 606 2340 illud,
623 2260 711 2350 quod
737 2261 821 2326 mihi
845 2259 1081 2339 destinaverat,
1100 2255 1170 2322 filio
1186 2277 1262 2320 meo

216 2343 377 2425 donaret,
397 2345 618 2436 perinde'hoc
646 2348 799 2417 futurum
812 2361 892 2424 esset
909 2351 945 2414 in
970 2346 1029 2415 lilii
1048 2345 1115 2412 mei
1131 2343 1263 2436 peculio

217 2433 429 2526 prosecutio,
445 2435 483 2502 ac'
498 2439 524 2502 si
538 2462 599 2525 ego
610 2439 660 2506 illi
681 2441 869 2522 donassem,
886 2437 963 2529 quia
983 2435 1262 2528 contemplatione

217 2525 286 2590 mei
301 2526 435 2594 adeum
450 2529 611 2617 pervenit.

480 2765 484 2772 Ι
514 2672 546 2762 §4
575 2673 972 2744 occouxxvm.
1015 2739 1039 2758 „

264 2823 434 2890 Hactenus
448 2834 580 2891 tantum
588 2823 761 2894 didicimus
772 2823 974 2891 definitiones
985 2822 1108 2914 peculii
1117 2835 1263 2890 castren-

218 2914 283 2994 sis,
305 2915 398 3002 quasi
417 2917 602 2996 castrensis,
618 2913 794 3004 profectitii
803 2964 813 2996 ,
833 2909 1012 2981 adventitii.
1029 2916 1106 2996 lant
1120 2936 1262 3003 pergen·

219 3004 303 3070 dum
331 3005 373 3070 ad
392 3006 469 3092 jura
490 3005 721 3092 singulorum,
748 3005 894 3092 adeoque
916 3005 1155 3094 dispiciendum
1167 3003 1262 3084 erit,

9 3093 10 3102 ’
110 3143 119 3160 .
220 3093 303 3182 quid
317 3095 402 3182 juris
421 3095 457 3159 in
471 3095 606 3182 singulis
627 3095 760 3184 peculiis
778 3095 901 3166 habeat·
916 3094 1022 3173 filius,
1043 3095 1163 3182 quidve
1174 3093 1261 3182 pani

219 3184 415 3272 competat?
438 3185 477 3250 ld
498 3208 576 3251 vcro
603 3185 727 3273 optime
747 3183 967 3274 explicabitur
990 3185 1115 3272 aliquot
1129 3183 1259 3270 tegulis.

220 3271 407 3340 Peculium
425 3286 597 3340 castrense
615 3285 648 3340 et
670 3276 781 3362 quasi
798 3285 968 3346 contuente
981 3276 1088 3362 pleno
1096 3274 1186 3362 jure
1212 3284 1262 3338 cat

208 3357 291 3452 filii
301 3412 310 3441 ,
321 3385 380 3450 pr.
396 3363 486 3428 Just.
500 3365 595 3454 quib.
610 3389 679 3429 non
691 3376 743 3428 est
753 3360 944 3452 perm.sac'.
957 3375 1032 3429 teat.
1045 3363 1129 3430 Haec
1147 3363 1260 3450 regula

220 3451 375 3516 nondum
390 3451 556 3518 obtinebat
569 3466 716 3543 tempooe
731 3447 1059 3542 liberarcipublicssae,
1084 3452 1167 3541 quia,
1182 3464 1262 3517 tuuc

220 3540 332 3607 adhuc
357 3554 487 3630 recepta
513 3555 582 3609 erat
602 3544 684 3608 lecta
695 3543 837 3623 militia,
854 3554 887 3608 et
901 3541 1122 3634 unusquisqne
1138 3540 1261 3608 civium

220 3641 441 3696 corrosannos
463 3633 605 3698 militare
630 3632 822 3712 tenebatur,
846 3626 991 3720 adeoque
1011 3633 1161 3698 nondum
1181 3653 1262 3720 opus

221 3731 310 3801 erat,
329 3721 457 3786 eximiis
470 3722 666 3810 quibusdam
689 3723 867 3812 privilegiis
888 3722 1037 3788 homiues
1056 3723 1098 3788 ad
1115 3719 1261 3806 militan7

224 3809 307 3874 duni
331 3811 482 3876 invitare.
511 3812 561 3876 At
586 3812 782 3900 Augustus,
811 3811 911 3900 probo
937 3819 1087 3899 gnarus,
1110 3811 1261 3876 militiam

222 3891 344 3965 lectum
371 3901 505 3990 quidem
530 3902 640 3969 libera
665 3901 882 3994 reipublicae,
916 3914 951 3968 at
972 3925 1040 3968 non
1063 3898 1261 3992 principatui
