2646 4496
9 239 12 364 l
153 269 272 400 outa.
288 317 433 386 noun
448 317 680 386 JosrAra.
698 318 801 386 ror.
818 319 955 390 sotv.
1003 327 1067 414 259

9 415 11 508 l
57 446 112 488 non
125 428 284 510 eonsules,
299 427 446 517 praelecti
462 427 632 517 praetorio,
652 427 796 518 praefecti
813 431 905 512 urbi,
922 434 1069 520 magistri

9 515 10 522 ’
55 513 181 582 militum
193 529 225 582 et
243 519 375 607 patroni
388 517 473 602 fisci,
489 519 585 584 Nov.
602 522 660 596 81,
677 543 705 584 c.
724 542 758 596 r,
772 519 888 606 juncta
904 521 927 586 l.
947 525 1008 589 ult.
1024 526 1068 592 de

56 602 151 671 decor.
172 607 287 694 Quaeri
306 619 430 696 potest,
451 631 494 672 an
511 609 574 672 hoc
593 607 804 697 privilegium
823 621 856 675 et
873 609 1067 680 beneficium
1087 642 1090 648 ·

55 692 105 756 dici
123 695 281 783 potuerit,
295 697 322 762 si
336 697 407 785 quis
423 698 527 785 patria
547 709 702 786 potestate
718 698 935 766 liberaretur?
949 703 1067 772 Videri

54 796 161 872 posset,
181 787 270 874 quod
294 810 362 851 non
378 813 386 850 ε
404 787 479 874 quia
500 783 696 852 filiifamilias
714 790 842 876 parenti
857 789 898 854 ab
917 791 1067 860 intestato
1130 850 1132 855 .

9 897 12 952 3
52 874 349 956 succedebant„non
366 887 477 942 autem
491 876 704 966 emancipati,
720 889 753 942 et
768 878 846 944 hinc
861 880 969 968 potius
984 906 1066 950 ortus

9 959 10 1040 l
51 975 107 1026 erat
120 988 217 1051 quam
235 965 449 1046 beneficium,
464 977 618 1053 potestate
634 966 737 1054 patria
759 967 901 1034 liberari.
917 972 979 1048 Sed
996 997 1066 1040 res-

51 1053 208 1138 pondetur,
218 1056 357 1122 omnino
368 1055 401 1120 id
413 1051 506 1120 fuisse
516 1053 721 1120 beneficium.
735 1056 823 1124 Nam
832 1057 882 1148 (a)
891 1060 935 1124 ita
950 1061 1066 1144 fiebat,

50 1152 97 1224 ut,
119 1145 274 1234 quidquid
297 1145 526 1232 adquirerent,
549 1168 617 1210 non
640 1147 724 1234 patri
747 1145 801 1214 sed
824 1147 884 1215 sibi
909 1150 1065 1238 adquire-

49 1243 127 1312 rent,
155 1258 260 1321 quum
285 1232 362 1301 alias
385 1232 471 1298 lilius
495 1235 645 1322 adquirat
669 1237 763 1323 patri.
792 1238 837 1329 (b)
852 1237 1066 1313 ‚lastinianus

49 1319 118 1385 dicta
132 1319 203 1414 lege
219 1325 281 1391 uit.
297 1322 335 1392 0.
352 1325 393 1389 de
407 1325 536 1390 consul.
553 1333 585 1390 ei
596 1325 690 1390 Nou.
706 1329 761 1406 81,
774 1351 802 1392 c.
816 1348 854 1408 2,
866 1327 904 1392 iis
915 1352 1063 1420 expresso
1130 1409 1132 1414 ¹

47 1425 251 1480 reservaverat
267 1417 342 1502 jura
360 1411 504 1478 familiae.
526 1415 640 1500 Ergo,
662 1417 811 1502 quamvis
832 1419 935 1504 patria
954 1434 1066 1508 potes·
1134 1487 1135 1491 ,

47 1509 98 1564 tate
112 1505 324 1585 excederent,
339 1503 554 1570 nihilominus
569 1515 681 1590 tamen
693 1505 875 1570 retinebant
890 1507 939 1586 jus
952 1532 1065 1576 succe-

48 1587 137 1656 dendi.
154 1595 269 1680 Itaque
282 1593 318 1658 in
333 1589 565 1659 favorabilibus
580 1593 756 1659 manebant
769 1596 845 1682 jura
866 1595 1011 1682 familiae,
1026 1603 1061 1666 in

48 1677 144 1746 odiosis
155 1684 212 1748 illa
227 1683 402 1748 cessabant.
794 1701 796 1708 '

420 1835 455 1918 §-
480 1831 671 1900 cxciv.

81 1991 234 2060 Diximus
257 1995 288 2082 §.
312 2017 387 2081 191,
410 1993 686 2080 emancipatione
708 1993 807 2060 etiam
825 1995 896 2060 tolli
922 1999 1064 2086 patriam

49 2093 235 2170 potestatem.
263 2085 314 2150 De
342 2105 379 2150 ea
403 2081 505 2170 igitur
524 2081 593 2168 jam
621 2084 728 2169 agitur
753 2086 866 2173 paullo
892 2089 1063 2176 prolixius.

49 2172 246 2262 Manripore
267 2172 426 2256 Romania
442 2184 511 2243 erat
533 2171 670 2238 vendere
690 2173 814 2259 aliquid
835 2199 894 2264 per
913 2201 956 2244 aes
978 2191 1010 2244 et
1024 2182 1065 2246 lj..

49 2259 149 2346 bram,
167 2263 316 2329 adhibitis
334 2285 453 2352 nempe
479 2263 498 2326 5
518 2262 650 2326 testibus
669 2261 792 2328 civibus
806 2265 988 2354 Romanis,
1003 2292 1064 2335 an-

50 2361 148 2418 testato
169 2367 201 2420 et
221 2353 412 2442 libripende.
435 2351 524 2438 Ergo
542 2362 574 2416 et
597 2354 816 2440 emancipare
838 2355 957 2423 liberos
979 2359 1064 2426 nihil
1148 2433 1153 2444 ,

49 2439 121 2509 aliud
141 2456 188 2510 est
199 2494 209 2527 ,
230 2466 331 2532 quam
351 2442 467 2508 liberos
486 2463 545 2529 per
560 2441 751 2508 sollemnem
772 2443 959 2530 hujusmodi
982 2473 1064 2516 ven·

49 2528 190 2599 ditionem
213 2533 374 2624 triplicem
395 2553 437 2594 ex
456 2540 611 2619 potestate
631 2553 688 2596 sua
711 2531 884 2600 dimittere.
909 2537 1062 2622 Quoties-

48 2642 175 2710 cumque
192 2645 270 2710 ergo
286 2633 378 2710 pater
394 2631 508 2708 sponte
526 2618 632 2686 filium
645 2645 662 2686 e
675 2633 830 2710 potestate
847 2649 904 2690 sua
919 2627 983 2692 hoo
997 2631 1065 2695 ritu

48 2709 232 2794 dimittebat,
252 2712 344 2778 toties
361 2709 528 2776 dicebatur
542 2711 759 2800 emancipare.
779 2713 821 2782 Et
835 2738 911 2779 sane
926 2716 958 2781 id
970 2719 1065 2808 prin..

47 2801 120 2890 cipio
134 2813 245 2870 nostro
261 2803 310 2891 (ἕ.
326 2799 426 2889 190.)
447 2821 548 2886 quam
558 2798 709 2865 'maxime
729 2813 774 2868 est
796 2817 1062 2876 consentaneum.

47 2889 324 2977 Quemadmodum
344 2889 420 2956 alias
441 2913 490 2955 res
512 2889 547 2953 in
569 2889 715 2954 dominio
741 2902 851 2982 nostro
875 2896 1064 2962 constitutas

46 3001 93 3068 per
113 2983 333 3049 venditionem
357 3002 525 3068 possumus
551 2977 716 3060 abdicare,
735 2979 779 3044 ita
801 2993 834 3046 et
855 2983 983 3050 liberos.
1005 2987 1063 3052 Est

46 3079 143 3138 tamen
169 3073 239 3138 haec
265 3069 482 3158 emancipatio
509 3068 659 3157 triplex,
691 3079 811 3149 velus,
844 3094 917 3158 quae
946 3086 993 3138 cst
1018 3099 1061 3142 ex

46 3155 106 3226 ΧΠ
122 3161 229 3228 Tabb.
253 3159 418 3236 derivata3
433 3157 676 3224 Anastasia-na
685 3209 696 3240 ,
713 3161 845 3234 inventa
858 3163 901 3226 ab
918 3159 1063 3256 Anasta-5

45 3249 96 3332 sio,
111 3253 323 3342 imperatore,
337 3249 359 3314 l.
377 3253 400 3312 5
409 3298 421 3327 ‚
440 3247 477 3313 C.
499 3247 540 3312 de
559 3250 725 3338 ernancip.
744 3249 802 3314 lib.
811 3276 824 3330 ,·
838 3261 870 3316 et
886 3251 913 3317 J
913 3255 1063 3324 urliniass

46 3361 99 3406 neo
109 3394 119 3424 ,
138 3365 239 3430 quam
258 3339 456 3405 lastinianus
473 3334 674 3418 introduxit,
692 3339 714 3404 l.
731 3339 792 3406 ult.
812 3339 850 3406 0.
867 3341 909 3407 de
928 3347 1060 3424 ertone,

45 3427 94 3495 lit.
109 3431 183 3498 lam
196 3431 236 3498 de
249 3427 383 3517 singulis
393 3427 537 3494 seorsim.
577 3467 583 3476 ·
693 3487 702 3503 ,

432 3572 651 3660 ecxcv

78 3729 182 3796 Prima
202 3739 250 3794 est
265 3739 359 3792 oetas
370 3775 381 3806 ,
401 3746 465 3812 qna
487 3733 580 3811 pater
596 3699 847 3812 praeserrtibusb
869 3729 999 3813 testibus
1019 3691 1062 3799 li:-

41 3815 183 3910 bripende
197 3831 230 3886 et
244 3827 401 3882 antestare
419 3813 578 3880 vendebat
594 3813 699 3914 filiurn
720 3824 789 3893 ter,
809 3826 841 3880 et
862 3819 954 3884 toties
974 3832 1063 3886 tam-

43 3930 131 3995 quam
150 3931 281 3979 servum
303 3901 565 3972 manumittebat.
588 3901 758 3968 Nimirum
775 3905 885 3993 primo
905 3919 998 3998 pater
1021 3912 1063 3976 fi.
1087 3945 1096 3966 .

432 4011 446 4037 ἆ
