2756 4504
216 225 283 310 57⁶
477 219 650 292 ntsnu
671 223 739 304 ιι,
760 221 976 290 rium.
1161 312 1164 320 Ι

204 334 306 408 ,diurn
318 321 417 404 seruit
432 331 567 422 praedio.
586 330 808 401 Personalium
822 343 896 404 sunt
908 341 1062 420 quantur,
1074 323 1250 394 unstruta-

216 433 284 500 tus,
302 445 393 502 risus,
413 421 592 501 habitatio,
617 443 636 484 ο
661 443 724 486 erae
745 441 938 496 serrorum
958 421 997 486 de
1013 416 1129 506 quibus
1141 416 1251 482 titulis

215 511 422 598 sequentibus
436 521 562 596 agetur.
579 445 740 576 Ditlirunt
754 509 852 574 etiam
867 510 917 574 hae
929 507 1096 575 servitutes
1112 505 1245 572 effectu.

216 601 302 686 Quia
319 599 408 664 enim
421 599 456 664 iu
469 595 690 686 personalibus
700 621 751 666 res
764 599 860 666 servit
873 619 1033 687 personas,
1051 596 1128 662 hino
1141 595 1248 658 etiam

145 705 148 710 ’
214 711 291 754 curn
322 699 457 776 persona
483 687 711 773 exstinguitur.
737 687 879 768 Contra,
894 687 1013 766 reales,
1036 684 1112 772 quia
1125 705 1178 749 res
1193 682 1248 749 rei

215 776 331 857 servit,
356 775 481 842 tamdiu
503 777 638 854 durant,
660 777 817 863 quamdiu
837 799 886 841 res
916 775 965 840 vel
986 774 1107 867 pruadia
1127 795 1249 861 super-

211 878 309 945 sunt,
325 863 474 952 quamvis
489 865 655 933 exstinctae
669 865 738 928 sint
754 887 922 953 persouae,
947 885 1090 952 quarum
1102 860 1138 927 in
1151 861 1249 926 utili-

143 979 145 986 ’
211 965 315 1019 tatem
328 956 495 1020 servitutes
509 953 688 1019 constitutas
702 966 789 1022 sunt.

212 1077 215 1180 i
258 1112 391 1170 Servitus
405 1123 448 1168 est
455 1111 506 1186 jus
519 1112 550 1168 iu
561 1131 605 1180 re,
617 1124 676 1168 not.
686 1111 730 1168 ad
743 1111 769 1190 ς.
780 1109 865 1184 334,-
877 1125 906 1169 et
919 1111 1039 1188 qnidam
1049 1112 1125 1186 inre
1134 1110 1244 1170 aliend-

90 1264 99 1274 ,
166 1189 168 1194 ’
211 1187 289 1249 Ὀοᾱ.
306 1195 387 1268 Nap.
402 1207 457 1249 art.
473 1192 738 1269 637.1npatiend0
755 1194 886 1252 consistit
907 1193 1073 1262 ordinarii,
1092 1207 1147 1251 art.
1161 1193 1221 1270 69]
1228 1234 1244 1262 ‚

181 1295 184 1306 ·
211 1274 269 1350 698
282 1287 311 1330 et
320 1275 384 1352 699.
397 1277 454 1330 Res
468 1275 557 1331 servit
571 1275 614 1331 rei
623 1295 632 1345 3
648 1295 709 1332 non
727 1295 762 1332 eo
779 1276 851 1332 verb
867 1293 975 1346 sensu,
991 1288 1025 1332 ut
1044 1295 1079 1331 ex
1098 1275 1246 1333 servitute

213 1369 367 1431 quaeratur
379 1375 441 1412 uno
455 1356 566 1431 praedio
580 1356 611 1412 in
624 1357 988 1431 alterumpraecminentia.
1017 1370 1071 1414 art.
1089 1354 1159 1414 638.
1180 1359 1244 1413 Res

212 1438 300 1492 etiarn
319 1438 408 1494 servit
423 1457 572 1512 pcrsonae,
591 1438 787 1495 nonobstante
801 1452 855 1494 art.
870 1437 931 1497 ⁶86.
946 1440 991 1496 Ibi
1008 1438 1083 1496 enim
1099 1437 1245 1496 inhiben-

213 1529 266 1574 tur
292 1519 410 1596 servitia
426 1539 493 1595 quaa
516 1519 555 1576 ad
574 1513 762 1592 jus‘nudute
780 1532 932 1595 spectant,
951 1521 992 1578 nil
1018 1519 1091 1578 verb
1115 1519 1244 1594 impedit

214 1601 398 1674 quominus,
419 1601 442 1656 si
461 1619 523 1658 non
542 1599 719 1670 honorifici,
737 1602 833 1659 saltim
847 1600 965 1659 utilitati
984 1619 1117 1678 personae
1129 1601 1249 1658 fundus

158 1727 163 1734 ,
211 1680 374 1750 inserviam
390 1693 425 1739 ut
437 1695 481 1739 est
494 1682 526 1738 in
542 1701 621 1749 usu,
640 1681 822 1749 usufructu,
843 1694 872 1740 st
892 1685 1083 1748 servitutibus
1096 1700 1246 1758 persona-

209 1762 310 1833 libus,
328 1763 423 1838 putri,
437 1763 470 1824 in
482 1763 623 1820 servitute
635 1763 743 1832 eundi,
755 1764 926 1822 ambulandi
938 1766 1076 1826 hominis·
1192 1825 1195 1834 ,

347 1985 349 1990 ,
402 1919 433 2005 ς.
456 1916 712 1992 cccxutn
734 1931 766 1984 et
788 1915 1042 1990 cccxciv.

257 2081 333 2146 Hoc
347 2080 451 2153 'titulo
473 2077 515 2144 cla
535 2076 685 2146 reatibus
702 2080 930 2147 'servitutibus
955 2079 1084 2169 agitur,
1110 2105 1184 2172 quae
1204 2097 1238 2156 et

207 2169 397 2260 praediatus
413 2180 593 2247 vocantur,
619 2169 778 2256 quianon
798 2169 833 2234 iu
850 2169 945 2236 rebus
963 2171 1157 2254 mobilibus,
1181 2175 1237 2242 sed

213 2259 436 2344 immobilibus
450 2258 702 2324 constituuntur.
729 2259 844 2344 Quum
864 2281 942 2328 vero
956 2259 1010 2328 hic
1027 2283 1155 2351 semper
1167 2286 1237 2350 geg·

213 2349 282 2412 viat
297 2347 457 2433 praedium
471 2346 612 2435 prandio,
629 2347 769 2413 altarum
782 2347 960 2437 prndium,
979 2349 1065 2438 quod
1080 2351 1154 2417 inde
1168 2353 1236 2418 uti·

211 2435 339 2500 litatem
361 2436 470 2523 capit,
491 2435 609 2500 dicitur
634 2436 842 2516 dominatum
860 2437 1001 2506 alterum
1013 2489 1023 2520 ,
1051 2441 1139 2526 quod
1153 2451 1236 2510 onus'

161 2525 164 2534 '
213 2518 346 2610 aliquod
372 2521 434 2588 fert
451 2525 487 2588 iu
514 2523 644 2606 alterius
665 2525 855 2607 utilitatem,
878 2527 1037 2593 serviens.
1052 2529 1094 2595 E.
1106 2549 1139 2617 g.
1154 2531 1236 2599 εἰει

213 2613 336 2679 aedibus
350 2612 430 2685 meis
443 2614 571 2698 tignum
585 2615 728 2679 immitto
752 2615 787 2696 iu
802 2615 901 2682 vicini
922 2615 1103 2705 praedium3
1124 2639 1236 2686 meum

212 2701 375 2794 praedium
395 2701 454 2766 crit
469 2702 661 2784 dominans,
685 2701 783 2770 vicini
800 2703 978 2794 praedium,
999 2707 1089 2794 quod
1101 2702 1234 2795 xtignum

211 2815 325 2858 meum
354 2789 438 2857 ferre
465 2802 615 2872 tenetur,
640 2793 789 2857 serviens.
819 2793 853 2856 A
890 2793 1078 2861 dominante
1114 2797 1235 2886 pr'aedio

213 2901 342 2969 semper
357 2869 492 2946 servitus
505 2903 627 2946 nomen
639 2881 767 2970 accipit.
777 2881 812 2946 si
825 2882 916 2948 enim*
927 2883 1008 2949 illud
1020 2896 1065 2948 est
1075 2884 1235 2974 prndium

212 2972 393 3050 rusticum,
423 2969 559 3034 servitus
585 2969 754 3034 vocabitur
778 2973 921 3058 servitus
938 2973 1067 3060 proedit
1090 2979 1234 3042 rustici:

213 3061 263 3126 siu
273 3059 454 3138 urbanum,
472 3059 606 3123 servitus
620 3059 717 3124 etium
729 3059 857 3145 praedii
873 3059 1000 3128 urbani
1009 3061 1232 3151 adpellabitur.

211 3149 411 3236 Ergo-praeci
439 3149 661 3233 ucquznritur,
673 3171 746 3236 quaa
754 3148 874 3238 praedia
884 3149 1006 3214 urbana
1013 3172 1106 3238 ,quta
1117 3155 1233 3222 rustica

100 3267 101 3271 ¹
170 3291 172 3297 ,
210 3238 391 3328 dicantur?
407 3173 457 3302 dl.
487 3235 758 3324 Westenbergius
775 3249 868 3326 putat
890 3239 1000 3302 omnia
1021 3236 1154 3316 aedificia
1172 3266 1234 3310 ease

238 3328 335 3392 raedia
350 3325 489 3406 urbana,
504 3347 617 3390 omnes
632 3323 751 3395 fundos·
762 3327 882 3415 praedia
896 3329 1032 3410 rustica,
1046 3329 1143 3418 idque
1157 3356 1235 3421 pro-

210 3351 269 3482 liat
282 3439 324 3482 ex
340 3415 362 3478 l.
380 3421 469 3492 180,
489 3413 536 3502 ff.
555 3417 597 3480 da
616 3413 663 3478 V.
679 3416 713 3480 S.
738 3415 801 3480 Sed
815 3415 850 3479 in
865 3437 901 3480 ea
915 3415 983 3506 ipsa
999 3417 1070 3504 lege
1088 3419 1230 3504 dicitur,

210 3505 323 3576 bortos
333 3504 433 3581 ruodo
444 3503 562 3568 rustica
575 3503 694 3590 praedia
710 3526 788 3586 esse,
811 3504 911 3568 modo
925 3505 1067 3588 urbana,
1079 3519 1233 3578 ettamen

211 3595 299 3661 horti
313 3613 379 3656 non
394 3604 469 3656 sunt
483 3591 616 3656 aedilicia
625 3641 634 3672 ,
652 3593 704 3658 sed
725 3593 828 3658 fundi.
845 3591 951 3658 Celeb.
966 3593 1078 3661 Noodt
1091 3619 1134 3662 ex
1151 3601 1175 3664 l.
1189 3603 1231 3683 d„

209 3681 250 3775 ff
270 3685 310 3748 de
324 3683 438 3746 servit.
455 3681 573 3768 praedia
594 3679 825 3772 rustioa'putat
840 3681 955 3762 insolo
971 3685 1234 3766 consisteretur-

108 3814 115 3850 ;
217 3773 296 3845 bana
307 3801 323 3858 ,·
334 3771 371 3840 iu
389 3769 569 3867 superficie.
588 3771 650 3839 Sed
666 3795 726 3838 neo
742 3773 774 3838 id
791 3771 870 3839 adeo
886 3771 1074 3876 cupeditum
1091 3786 1147 3843 est.
1164 3776 1236 3843 Lax
