2756 4504
250 294 317 382 593
532 300 700 370 LIBER
723 304 787 388 11,
810 308 919 374 TIT.
946 309 994 376 V.

550 625 887 710 TITULUS
922 628 980 712 V.

513 806 582 880 De
600 833 681 880 uau
697 818 736 881 et
748 807 1008 882 habitatione.

384 987 415 1072 ς.
444 985 701 1054 ccccxxv
727 999 760 1052 et
789 986 1130 1054 ccccxxvrrt

248 1111 431 1224 Damus
443 1152 650 1239 omnia,quae
660 1151 1101 1244 demufructnscireoportet
1109 1153 1267 1222 tironem.

246 1244 334 1305 Cum
358 1263 436 1306 vero
453 1255 571 1329 prater
588 1240 827 1306 usumfructum
845 1252 879 1306 et
896 1243 967 1306 aliae
990 1243 1152 1330 supersint
1167 1246 1273 1309 servi-

245 1341 330 1393 tutes
343 1331 542 1417 personales,
554 1341 649 1418 puta,
663 1353 754 1410 usus,
765 1330 919 1394 habitatio
927 1343 1273 1421 elopemsewomm,

243 1419 351 1482 dehis
373 1440 502 1505 quoque
521 1420 696 1506 agendum.
717 1421 807 1482 Inter
828 1417 1079 1507 oeumftoctom
1105 1435 1138 1484 et
1165 1447 1271 1490 mum

244 1508 324 1593 quid
340 1508 483 1586 intersit,
497 1530 540 1572 ex
554 1509 630 1596 ipsis
640 1507 807 1576 vocabulis
818 1531 915 1595 sopra
929 1509 980 1594 (5.
996 1509 1083 1596 4ι5)
1097 1513 1270 1598 explicatis

239 1597 387 1684 adparet.
404 1595 669 1661 Usufmctuan'us
675 1619 743 1661 non
754 1598 853 1660 modo
864 1598 966 1660 utitur·
979 1599 1021 1666 ad
1035 1602 1267 1682 necessitatem,

239 1689 296 1751 aed
310 1698 343 1750 et
354 1683 475 1752 fruitur
484 1687 526 1750 ad
535 1686 745 1751 utilitatemet
751 1686 953 1773 voluptatem
963 1688 1128 1752 :usuarius
1136 1699 1269 1755 tantum

240 1777 365 1856 utitur,
388 1797 456 1838 oon
474 1773 606 1839 fruitur.
634 1775 793 1862 Adeoque
815 1777 903 1838 clara
926 1787 972 1838 est
992 1775 1136 1841 delinitio
1157 1799 1267 1844 urum

240 1865 381 1952 cocejua
399 1864 501 1929 rebus
524 1863 646 1928 alienia
667 1877 804 1929 tontum
826 1864 876 1928 od
895 1867 1125 1930 necessitatem
1145 1868 1269 1932 utendi

238 1955 341 2019 solva
362 1975 483 2019 eurum
499 1953 713 2033 salutantia,
732 1955 763 2038 §.
789 1976 820 2031 r,
843 1953 933 2016 Inat.
955 1953 989 2016 t.
1008 1965 1031 2018 t.
1053 1955 1149 2018 Clara
1163 1958 1267 2022 etiam

236 2044 419 2108 axiomata:
430 2050 473 2106 1⁰.
490 2043 597 2106 miuus
607 2053 653 2105 cst
667 2043 702 2106 in
715 2065 773 2106 usu
787 2041 928 2127 quamio
939 2040 1119 2106 usufructu.
1134 2044 1174 2108 In
1188 2067 1266 2110 usu·

235 2133 347 2196 fructu
359 2132 448 2195 enim
461 2143 526 2209 est,
538 2131 696 2217 quidquid
708 2127 919 2195 ordinariecx
928 2151 964 2193 re
973 2131 1206 2217 pmrenit‚sive
1219 2135 1266 2200 ad

236 2220 476 2301 necessitatem,
490 2220 556 2284 sive
569 2219 612 2283 ad
620 2220 810 2297 utilitatem,
823 2220 889 2284 sive
901 2218 943 2282 ad
953 2220 1152 2307 voluptatem
1161 2223 1265 2309 perti·

236 2321 334 2388 neat,
349 2313 383 2394 5.
398 2310 482 2395 417,
498 2309 643 2374 usuarius
657 2321 767 2374 autem
782 2319 929 2388 tantum,
946 2321 1108 2393 quantum
1122 2309 1183 2397 ipsi
1200 2333 1265 2376 ne-

137 2437 141 2450 ·
235 2399 396 2464 cesariam
415 2409 480 2476 eat,
506 2399 647 2485 accipit3
662 2398 805 2484 adeoque
828 2405 873 2460 2⁰.
893 2417 968 2459 usus
986 2397 1052 2460 sola
1074 2399 1265 2466 necessitate
1374 2475 1375 2488 ἦ

235 2487 422 2576 quotidiana
432 2485 553 2566 linitur,
562 2487 585 2550 l.
598 2509 628 2566 2,
632 2511 689 2572 pr.
697 2483 738 2574 ff.
750 2487 783 2550 Ιι.
795 2496 819 2549 l.
829 2485 998 2572 Exemplis
1008 2507 1079 2550 rem
1091 2486 1264 2555 illustrabi-

232 2599 309 2642 mus
330 2587 481 2663 quatuor.
502 2575 591 2640 Nam
606 2575 653 2661 (a)
672 2577 728 2661 qui
750 2573 847 2638 habet
872 2595 968 2636 usum
991 2571 1107 2655 fundi,
1130 2587 1262 2643 tanturn

233 2667 383 2746 olerum,
404 2685 600 2754 pomorum,
627 2662 768 2742 llorum,
785 2661 886 2735 focoi,
908 2673 1162 2728 stramentorum
1183 2666 1263 2735 inde

255 2765 340 2821 etere
378 2764 479 2834 otest,
494 2763 655 2840 quantum
664 2753 737 2840 ejus
748 2750 890 2814 conditio
905 2751 1057 2837 requirit,
1069 2753 1101 2837 5.
1118 2753 1261 2831 ulnae.

230 2780 267 2912 Ξ.
283 2857 308 2910 t.
326 2778 376 2933 (ὗς
387 2844 423 2908 Si
436 2841 507 2929 quis
518 2841 636 2907 habeat
645 2863 742 2904 usum
758 2839 896 2918 aedium,
918 2840 988 2904 illas
1005 2851 1110 2928 potest
1128 2841 1265 2911 inhabi-

229 2947 321 3016 tare,
336 2933 391 2998 sed
402 2955 470 2997 non
479 2942 580 3011 totas,
595 2952 713 2996 verum
724 2940 772 2993 tot
783 2927 952 3008 cubicula,
967 2941 1047 3016 quot
1061 2953 1124 3017 pro
1137 2935 1261 2999 coodi-

230 3025 321 3090 tione
341 3047 398 3087 sua
412 3044 493 3110 opus
506 3020 614 3086 habet.
636 3019 726 3104 Quin
746 3017 826 3082 adeo
846 3017 1028 3082 necessitate
1047 3017 1262 3090 circumseri„
1369 3035 1370 3046 ³

230 3113 320 3179 bitur
335 3134 410 3176 usus
423 3112 476 3177 hic
491 3110 630 3189 redium,
645 3121 683 3173 ut
693 3131 744 3174 eas
757 3129 818 3172 nec
832 3107 986 3192 cuiquam
998 3107 1125 3186 locare,
1149 3124 1182 3175 et
1197 3114 1260 3180 vix
1311 3171 1314 3176 .

228 3203 390 3294 hospitem
402 3201 543 3288 recipere
554 3199 671 3287 possit3
682 3209 716 3261 at
726 3206 831 3286 potest
839 3209 949 3260 tamen
958 3245 968 3276 ‚
979 3197 1009 3280 5
1025 3217 1064 3274 2,
1080 3198 1169 3264 loct.
1184 3201 1217 3266 ἠ.
1231 3215 1257 3268 t.
1285 3229 1292 3242 *

230 3293 271 3383 (c)
295 3291 364 3380 Qui
390 3290 488 3354 habet
511 3311 606 3352 usum
630 3309 805 3375 pecorum,
826 3296 957 3348 tantum
972 3285 1011 3348 (le
1033 3283 1135 3368 lacte,
1155 3289 1258 3372 lana,

227 3393 366 3448 stercore
378 3379 497 3467 acc-ipit
509 3428 518 3458 ,
533 3388 694 3465 quantum
706 3375 821 3440 modus
832 3386 863 3438 et
878 3373 1071 3438 conditionis
1080 3385 1113 3439 et
1123 3373 1261 3446 familiae

227 3469 383 3558 requirit,
408 3469 438 3553 5.
454 3470 519 3554 37,
536 3468 628 3531 loeti
650 3465 692 3531 de
717 3465 768 3529 rei
790 3463 885 3528 vind.
909 3462 1058 3549 Denique
1077 3463 1127 3546 (d)
1148 3491 1261 3555 quum

228 3583 303 3626 osus
329 3556 450 3623 usuarii
475 3554 659 3620 necessitato
689 3549 1000 3630 circumscribatur,
1022 3549 1115 3617 facile
1139 3569 1260 3644 patet,

224 3653 320 3716 illum
330 3648 384 3737 jus
398 3667 494 3708 suum
511 3667 569 3708 nec
586 3644 694 3708 locare
712 3665 771 3706 nec
787 3641 886 3727 gratis
904 3640 938 3702 in
952 3640 1092 3705 alterum
1107 3643 1261 3714 conferre

227 3763 339 3830 posse,
353 3739 383 3824 5
403 3758 434 3813 r,
447 3735 472 3798 I
472 3746 537 3799 nst.
551 3733 584 3798 h.
601 3743 625 3798 t.
641 3733 725 3798 Sane
736 3730 862 3796 enimsi
879 3728 971 3794 elteri
984 3729 1063 3792 illud
1079 3733 1261 3802 collocaret

226 3841 259 3894 ct
271 3825 483 3905 concederet,
505 3824 565 3911 ipsi
587 3845 624 3888 re
641 3845 711 3888 nou
730 3831 808 3887 emet
822 3839 925 3908 epm,
941 3829 1080 3896 caecante
1092 3822 1183 3894 enim
1196 3847 1261 3892 ne-
1286 3859 1292 3864 ·
1341 3835 1344 3845 '

226 3918 366 3986 cessitate
379 3925 411 3982 ct
423 3935 498 3980 usus
510 3923 617 3978 cessat.
