2644 4504
123 337 304 412 ussus.
320 343 419 412 mu
432 329 492 410 ar
506 343 652 432 nucu.
668 343 776 410 sau.
792 343 958 412 oouru.
980 309 1054 435 *547

41 449 125 530 tiles,
138 453 213 518 hino
229 463 262 518 et
272 453 401 520 venatio
411 453 533 543 triplex
545 465 607 536 est,
622 455 751 520 uenatio
765 452 896 544 proprie
912 453 955 518 sic
970 453 1056 519 dicta
1113 485 1121 502 r

44 541 309 630 quadrupedum,
337 543 516 633 aucupium
539 543 674 622 avium,
702 542 835 632 piscatio
864 542 1058 630 aquatilium

43 632 91 694 vel
104 631 252 720 piscium.
270 639 315 696 2⁰.
338 631 523 718 Occupatio
542 632 661 698 bellica
674 643 720 697 est
735 653 946 724 personarum
961 643 993 696 et
1004 653 1057 697 re-

42 739 113 783 rum
133 721 298 786 hostilium
313 733 494 811 captarum.
515 721 579 788 Ubi
601 719 737 786 dubium
758 721 883 809 insigne
900 721 1054 786 nascitur.

44 809 221 898 Occupatio
234 811 322 876 anim
335 823 382 876 est
395 833 506 876 rerum
517 812 650 876 nullius.
663 811 716 900 (ς.
734 811 830 898 545.)
843 809 947 897 Atqui
961 831 1011 874 res
1025 819 1060 872 et
1088 872 1091 889 ι

43 919 183 986 personae
200 900 359 979 hostium,
388 917 467 987 quas
482 900 644 990 capimus,
662 921 732 964 non'
750 911 823 964 sunt
841 900 978 978 nuliius,
1003 896 1058 960 sed

44 992 76 1052 in
97 987 242 1054 dominio
264 990 425 1070 hostium,
453 990 504 1055 vel
526 992 623 1079 plane
637 1010 782 1078 personae
801 988 932 1068 liberae3
952 1007 1059 1076 neque
1090 999 1092 1004 '

43 1099 198 1165 umquam
219 1079 324 1144 hostes
338 1102 390 1144 eas
414 1101 464 1145 res
485 1101 547 1168 pro
570 1079 727 1156 derelictis
750 1077 945 1143 habuerunt.
969 1077 1059 1162 Ergo

44 1167 174 1232 cornino
201 1169 353 1257 occupari
376 1167 570 1256 nequeunt?
591 1167 821 1256 respondemus
845 1167 901 1256 (§.
926 1165 1002 1231 348.
1018 1163 1057 1250 ),

44 1255 207 1321 Romanos
228 1279 303 1324 uere
322 1258 534 1339 existimasse,
547 1279 598 1322 res
619 1257 760 1327 hostium
782 1278 846 1321 esse
862 1277 913 1320 res
927 1252 1060 1319 nullius.

42 1345 236 1410 Obseruauit
248 1347 281 1412 id
297 1347 364 1430 jam
382 1345 447 1411 Dn.
462 1345 752 1432 Westenbergius,
773 1367 828 1432 pr.
869 1371 878 1407 ·.
897 1344 939 1409 de
953 1342 1061 1430 adqu·

48 1457 107 1498 rer.
124 1437 218 1500 dom.
238 1437 268 1522 §5
283 1439 353 1522 39,
373 1435 550 1523 etquidem
566 1460 606 1500 ex
623 1435 647 1499 l.
672 1435 751 1520 s,§.
767 1457 798 1510 s,
843 1433 909 1498 :de
921 1432 1059 1520 odqzsir.

47 1524 95 1586 vel
108 1527 221 1590 amitt.
229 1549 324 1612 poss.
345 1525 401 1590 ubi
412 1525 661 1590 iurisconsultus
675 1521 843 1588 manifesto
856 1543 906 1587 res
918 1519 1062 1590 hostium
1120 1570 1122 1582 .

47 1625 211 1702 comparat
222 1637 299 1678 cum
314 1613 409 1679 rebus
423 1612 552 1680 nullius.
569 1615 632 1680 Sed
651 1612 684 1676 id
695 1613 766 1700 jam
785 1611 948 1690 addimus,
963 1609 1061 1674 etiam

44 1701 91 1788 jus
98 1714 225 1767 naturae
238 1715 269 1767 et
280 1705 425 1790 gentium
437 1704 500 1770 hoc
515 1702 713 1792 principium
727 1702 906 1766 admittere.
918 1699 1063 1786 Elegan-

47 1801 91 1856 ter
102 1799 176 1856 eain
188 1793 223 1855 in
235 1815 307 1857 rem
321 1792 481 1890 Puffend.
491 1791 581 1858 tiu!
582 1790 630 1870 V,
644 1791 728 1856 deJ.
738 1791 792 1856 Ν.
803 1802 835 1856 et
846 1788 889 1856 G.
898 1812 975 1876 cap·
986 1783 1061 1866 VI,

48 1881 74 1964 §.
96 1877 145 1944 14.
172 1881 357 1948 Sciendum
380 1894 450 1962 est,
481 1907 527 1967 „er
546 1891 676 1946 statum
697 1879 867 1958 hostilem,
883 1878 935 1944 uti
953 1887 1063 1941 cetera

38 1969 272 2057 juropublisn
280 2020 292 2050 ‚
315 1971 365 2035 ita
379 1983 411 2036 et
422 1906 577 2060 effictum
594 1969 741 2035 dominii
754 1967 917 2056 abrumpi
923 1965 934 2046 ,'
950 1966 1065 2030 hacte-

48 2080 127 2136 nus,
148 2069 186 2122 nt
213 2083 282 2124 non
303 2061 455 2148 amplius
479 2063 557 2148 quis
583 2069 740 2126 teneatur
764 2056 809 2132 ab
831 2056 937 2124 hostis
962 2051 1063 2120 rebus

47 2169 169 2211 monus
199 2148 395 2228 abstinere,
423 2151 582 2238 nisique
611 2149 812 2223 humanitas
837 2145 993 2211 suaserit.
1018 2143 1063 2207 In

50 2235 129 2300 bello
144 2260 224 2326 ergo
239 2260 291 2301 res
306 2237 455 2302 hostium
468 2238 505 2302 iu
517 2239 636 2304 ordine
657 2237 829 2304 adolium
843 2236 972 2301 hostem
985 2231 1065 2298 red-
1130 2259 1131 2262 ¹

49 2325 176 2390 duntur
188 2325 294 2391 veluti
318 2326 471 2391 dominio
497 2339 636 2407 vacuae,
658 2349 746 2408 non,
763 2323 854 2416 quod
874 2324 985 2389 Isostes
999 2342 1068 2411 per

49 2411 171 2479 bellum
185 2415 257 2500 ipso
259 2415 347 2502 jure
360 2437 475 2480 rerum
490 2437 635 2482 suorum
650 2417 785 2484 domini
794 2437 864 2480 esse
880 2413 1064 2492 desinont,

3 2523 4 2528 ¹
48 2502 101 2566 sed
112 2505 195 2590 quia
208 2503 346 2568 illorum
361 2503 555 2569 dominium
571 2528 641 2570 non
658 2501 891 2580 adclamasti,
916 2523 983 2592 quo
996 2499 1066 2566 mi·
1086 2579 1090 2586 ι

47 2612 181 2656 cuseos
196 2615 248 2654 res
269 2591 404 2677 aufhrre
420 2593 552 2684 sibique
568 2593 689 2660 habere
701 2593 833 2682 possit,
849 2615 997 2680 prorsus
1011 2587 1064 2653 uti

48 2680 91 2743 ud
102 2680 152 2744 rei
159 2701 277 2744 vucuae
283 2681 478 2748 dominium
490 2683 744 2772 adquirendum
754 2681 829 2750 solo
841 2677 1065 2767 adprehensio

51 2769 181 2854 offois.
203 2769 249 2834 5⁹.
270 2767 429 2835 Iuventio
443 2782 489 2835 est
503 2793 615 2836 rerum
629 2771 750 2836 nullius
763 2770 953 2844 mobilium,
967 2767 1020 2832 vel
1032 2765 1068 2829 in

50 2857 166 2921 nullius
180 2855 325 2922 dominio
340 2860 605 2941 constitutarum,
628 2862 679 2927 vel
692 2865 754 2950 p'ro
768 2858 926 2925 derelictis
938 2853 1071 2921 habita·

47 2964 139 3025 rum„
157 2944 340 3035 occupatio.
367 2947 421 3024 Sic
448 2969 476 3013 e.
505 2970 537 3036 g.
568 2948 754 3018 inventione
781 2957 906 3012 nostras
931 2942 1069 3012 facimus

48 3053 188 3117 gemmas
202 3058 220 3099 a
235 3033 320 3099 mari
333 3033 468 3122 ejectas,
480 3053 635 3106 nummos
649 3040 684 3104 in
696 3038 747 3103 via
756 3033 889 3128 publica
902 3033 1068 3110 inventos,
1155 3044 1162 3054 ‘

48 3142 185 3208 quorum
198 3123 350 3188 dominus
359 3147 523 3214 nusquam
536 3127 685 3218 adparet,
702 3137 764 3194 etc.
780 3125 855 3191 Jam
870 3123 910 3188 de
922 3120 1070 3212 siugulis·

152 3291 183 3375 q.
207 3285 696 3370 consummandum
723 3284 957 3354 cocxuvu.

89 3449 200 3517 Prima
222 3469 303 3514 occu
328 3447 442 3514 ationis
455 3448 573 3538 species
586 3459 633 3513 est
651 3449 809 3528 venatio,
823 3470 925 3536 quam
943 3446 1015 3536 jam
1029 3447 1072 3513 ad

52 3540 245 3628 superiorem
256 3537 287 3622 5.
302 3471 517 3603 definivimus.
532 3539 649 3622 Quum
662 3538 772 3626 itaque
784 3539 824 3604 sit
837 3537 981 3604 ferarum
1001 3539 1074 3604 bes-

54 3628 171 3694 tiarum
193 3626 382 3714 occupatio,
408 3625 579 3692 manifesto
598 3638 708 3716 patet,
728 3627 790 3693 tria
811 3627 866 3692 hic
888 3650 952 3700 esse
978 3628 1075 3693 inda·

55 3718 176 3799 ganda,
196 3722 240 3782 ι’.
266 3734 418 3801 quaenam
437 3713 595 3782 sintferoe
613 3715 741 3782 bestias?
755 3718 786 3801 ς.
812 3717 898 3797 ὄ45ς
923 3725 968 3783 2⁹.
987 3738 1073 3806 quo-

55 3805 149 3872 modo
159 3827 219 3896 per
231 3803 436 3871 venationem
448 3815 566 3870 nostras
579 3803 683 3872 fiant?
698 3808 730 3894 S.
750 3805 834 3889 5463
847 3805 895 3874 5⁰.
915 3804 1073 3894 quamdiu

59 3906 221 3988 occupans
233 3904 352 3960 nosue
361 3893 463 3964 fiant?
475 3897 506 3981 §.
521 3891 597 3982 547.
