2756 4504
268 279 332 346 ⁴22
529 235 697 350 musa
717 285 779 367 11,
805 287 913 354 rur.
935 286 1035 356 vu,

268 393 442 476 quotannis
455 405 541 458 certa
558 417 686 460 namma
708 395 851 462 donata?
864 397 963 486 Resp.
977 399 1004 462 si
1017 395 1059 460 ad
1071 393 1146 460 ritae
1158 403 1280 480 tempus

267 483 407 560 donata,
428 483 644 548 insinuatione
662 506 730 548 uon
751 507 834 573 opus
852 509 938 563 esse,
954 487 1029 574 quia
1043 487 1203 550 incertum
1214 493 1275 558 est,

268 573 426 657 quamdiu
439 573 585 638 victurus
595 572 637 638 sit
654 573 841 638 donatarius
856 602 865 638 :
885 575 942 639 ubi
962 587 1073 640 autem
1088 574 1278 638 etheredum

265 660 305 724 fit
319 661 461 740 mentio,
476 661 726 726 insinuationem
739 663 875 728 omnino
887 665 1038 728 accedere
1051 674 1195 752 oportet,
1208 661 1278 745 quia

264 750 339 814 satis
355 761 480 814 certum
503 763 573 829 est,
595 751 685 814 illam
704 773 870 818 summam
882 775 1027 817 annuam
1043 753 1088 815 D.
1109 751 1278 816 solidorum

266 839 482 924 quantitatem
503 839 658 904 excedere
678 863 767 928 posse
778 891 788 920 ‚
804 843 826 904 l.
847 845 913 920 34,
931 844 962 927 ς.
979 840 1024 920 4,
1045 841 1083 906 0.
1100 841 1134 903 b.
1159 851 1182 902 t.
1202 838 1279 900 Sunt

266 927 365 991 etiam
379 929 530 1015 quaedam
542 929 742 1008 donationes,
758 953 831 1016 quae
842 932 938 1018 plene
950 930 1200 994 insinuationem
1211 926 1280 988 nul-

265 1015 332 1081 lam
356 1018 542 1104 requirunt,
566 1020 776 1103 quantumvis
796 1041 924 1105 magnae
944 1021 1029 1098 sint;
1048 1018 1148 1083 veluti
1165 1017 1189 1080 si
1209 1014 1279 1100 quid

265 1105 425 1170 donatum
440 1105 483 1192 (a)
494 1107 536 1170 ad
551 1107 1009 1195 redemtionem²captivomm
1022 1157 1031 1185 ‚
1046 1109 1069 1171 l.
1084 1111 1132 1194 37
1143 1157 1153 1182 ,
1164 1128 1222 1194 pr.
1243 1103 1278 1168 C·

265 1193 299 1258 71.
319 1205 343 1257 t.
365 1195 407 1282 (β)
423 1193 464 1258 ad
484 1193 671 1260 reficiendas
687 1197 769 1260 aedes
787 1196 936 1261 incendio
955 1199 1092 1262 minare
1111 1197 1278 1281 collapsas,

213 1301 216 1312 ’
264 1283 289 1346 l.
312 1285 380 1360 36,
396 1285 426 1368 ς
449 1305 487 1360 a,
506 1283 544 1348 C.
565 1284 637 1348 eod.
653 1286 666 1371 (-
685 1283 697 1370 )
716 1285 742 1350 si
759 1285 890 1350 donatio
904 1287 1060 1351 militibus
1080 1285 1165 1350 facta
1186 1307 1206 1346 a
1226 1281 1280 1345 tri-

264 1369 354 1436 buno
370 1372 533 1450 militum,
552 1373 575 1436 l.
593 1375 907 1458 36‚§.1,=C.ead.
928 1375 976 1462 (cl)
990 1377 1015 1439 si
1030 1375 1165 1440 donatio
1178 1373 1216 1436 sit
1231 1393 1279 1434 re·
1306 1383 1315 1418 t

265 1461 400 1548 ciproca'
409 1461 460 1527 vel
474 1463 739 1526 remuneratoria.
754 1466 838 1527 Sane
852 1466 939 1532 enim
954 1465 979 1528 si
993 1486 1054 1550 ego
1064 1485 1190 1552 sponsae
1202 1461 1279 1523 dono

263 1550 425 1614 snttulum
446 1551 495 1616 M.
514 1550 711 1630 solidorum,
725 1563 758 1616 et
774 1552 829 1616 illu
846 1555 929 1618 mibi
942 1551 1053 1618 itidem
1069 1553 1171 1622 donst
1183 1571 1279 1614 annu-

261 1637 334 1703 lum
347 1661 375 1704 e.
391 1661 423 1725 g.
439 1639 720 1718 Dusoluomm,
735 1651 849 1706 neutm
862 1665 936 1730 pars
950 1643 1023 1708 laesa
1039 1653 1105 1721 est,
1121 1642 1166 1706 ita
1180 1652 1217 1704 nt
1231 1635 1278 1702 in-

158 1749 163 1762 ·
195 1761 245 1802 s„
262 1729 443 1794 sinuatione
456 1729 497 1794 sit
515 1751 607 1817 opus.
624 1729 670 1794 5⁰.
686 1730 874 1795 Revocatur
888 1733 988 1796 etism
1004 1732 1141 1796 donatio
1154 1739 1278 1817 propter

263 1817 423 1882 donatarii
443 1817 720 1904 iugratitudinem¹
746 1819 949 1905 ingratitudo
974 1833 1083 1886 sutem
1107 1842 1213 1905 quum
1234 1815 1279 1878 sel

261 1909 408 1992 simplex
425 1907 487 1986 sit,
509 1907 535 1971 si
551 1907 623 1994 quis
641 1906 833 1972 benefactori
847 1932 916 1974 non
931 1907 1110 1988 benefacit,
1129 1909 1180 1973 vel
1193 1927 1277 1992 prse-

260 2019 379 2084 gnans
388 2045 398 2075 ,
413 1995 440 2059 si
455 1995 526 2082 quis
541 1993 736 2060 benefactori
752 2019 837 2082 aegre
850 1995 927 2064 lacit
943 2025 951 2062 :
966 1998 1125 2086 hicprior
1138 2019 1206 2060 non
1219 1991 1278 2059 suf-

260 2083 330 2148 ficit
341 2085 383 2148 ad
395 2083 612 2148 revocandam
625 2085 837 2150 donatiouem
845 2135 855 2168 ‚
871 2088 924 2152 sed
935 2087 1100 2174 speciatim
1115 2087 1279 2172 requirun-

261 2183 317 2237 tur
330 2173 380 2237 vel
397 2171 447 2263 (a)
463 2185 586 2238 atroces
599 2173 745 2259 injuriae,
758 2176 809 2240 vel
823 2175 876 2264 (d)
892 2177 1015 2242 iusidiae
1029 2175 1195 2243 donatoris
1210 2174 1277 2237 site

261 2273 412 2338 structe,
429 2262 480 2325 vel
502 2263 544 2350 (c)
564 2273 600 2326 ut
613 2262 723 2350 impiae
739 2265 1015 2330 mauusdonatori
1026 2265 1126 2329 illatae
1137 2265 1218 2340 siut,
1233 2258 1278 2323 vel

176 2368 180 2377 ’
264 2351 314 2437 (cl)
328 2365 365 2415 ut
379 2373 509 2437 magnae
530 2351 692 2416 bonomm
710 2352 874 2418 donatoris
889 2355 973 2442 pasti
988 2354 1111 2440 insigne
1126 2355 1277 2416 damnum

258 2438 403 2504 intulerit
424 2439 619 2504 donatarius.
643 2441 738 2505 Sedes
756 2442 853 2524 hujus
872 2443 1029 2508 doctrinae
1049 2455 1096 2507 est
1117 2443 1154 2507 in
1176 2441 1200 2505 l.
1219 2437 1276 2504 ult.

263 2529 301 2597 0.
326 2530 368 2594 de
390 2551 495 2594 mccc.
516 2527 596 2594 don.
621 2530 672 2594 Ex
687 2551 751 2616 qua
770 2542 801 2594 et
819 2531 854 2594 id
872 2532 1075 2611 notandum,
1090 2527 1276 2596 donatorem

258 2618 392 2708 quidem
412 2617 621 2682 donatiouem
637 2618 679 2682 ab
696 2620 825 2704 ingrato
845 2641 998 2686 revocate
1012 2641 1124 2709 posse,
1140 2641 1208 2684 nen
1220 2635 1276 2680 au-

256 2720 325 2774 tem
341 2707 439 2796 ipsius
453 2707 594 2772 heredes.
609 2707 645 2772 si
664 2707 753 2772 enim
770 2707 839 2797 ipse
859 2709 997 2774 donator
1011 2731 1079 2774 raon
1095 2706 1273 2781 revocavit,

255 2797 411 2884 injuriam
427 2798 513 2862 hanc
528 2807 674 2861 censetur
687 2795 842 2863 remisisse
854 2821 865 2878 3
878 2809 909 2862 et
923 2799 1079 2884 general-is
1093 2810 1139 2862 est
1158 2797 1211 2862 ills
1224 2815 1274 2858 rc·

259 2889 358 2974 gula,
384 2887 553 2965 actiones,
578 2907 657 2972 qnos
675 2885 725 2950 nd
741 2909 874 2952 nassum
894 2887 1085 2952 vindictam
1109 2886 1272 2956 namn,

259 2975 437 3043 heredibus
454 2997 523 3038 non
537 2975 678 3039 dantur.
695 2975 803 3039 Immo
817 2997 877 3040 nec
891 2987 1003 3040 contra
1020 2975 1151 3040 baedae
1164 2968 1274 3058 ingnti

257 3065 420 3133 donatarii
432 3063 516 3128 actio
531 3063 571 3127 ad
586 3065 802 3128 revocandam
816 3063 1024 3128 donationem
1037 3065 1192 3152 competit
1204 3058 1274 3146 quia

258 3158 300 3221 ad
319 3155 499 3222 vindictam
518 3164 706 3240 comparata
721 3163 788 3232 est,
809 3165 841 3217 et
856 3153 997 3220 vindicta
1014 3154 1124 3218 locum
1138 3174 1206 3215 non
1218 3150 1274 3214 ha-

257 3246 332 3326 bet,
348 3243 408 3308 uisi
423 3243 574 3307 adversus
592 3263 688 3319 eum,
709 3241 764 3328 qui
787 3265 846 3306 nos
862 3241 977 3306 adfecit
997 3238 1135 3327 injuria,
1150 3239 1203 3304 hic
1222 3257 1275 3299 au-

258 3347 325 3400 tom
335 3335 427 3399 heres
434 3331 623 3396 donatorem
632 3328 908 3411 nullatenuslaesit,
917 3331 940 3395 l.
947 3354 982 3416 7,
996 3329 1030 3394 0.
1038 3331 1080 3394 ds
1089 3353 1193 3394 revoc.
1202 3327 1276 3390 dnn.

197 3439 239 3464 ⁸·
259 3425 306 3491 4⁰.
329 3421 543 3488 Revocatioui
559 3419 740 3484 donationis
755 3421 843 3484 locus
856 3432 902 3484 est
918 3419 960 3484 ob
976 3416 1277 3506 supervenientium

259 3514 446 3581 liberorum
458 3535 469 3588 a
483 3509 579 3596 idque
596 3509 737 3596 probant
752 3528 795 3572 ex
819 3509 841 3574 Ι.
860 3513 882 3574 8
891 3554 902 3587 ,
928 3509 965 3574 O.
990 3507 1033 3573 de
1050 3531 1117 3572 ten.
1138 3506 1215 3572 don.
1237 3499 1274 3565 ad

258 3623 359 3692 quam
376 3600 483 3685 legem
499 3597 667 3686 prolixum
680 3600 954 3662 commentarium
975 3597 1161 3686 conseripsit
1179 3589 1276 3656 lutis-

259 3691 423 3756 consultus
438 3687 602 3764 eruditus,
618 3686 727 3751 Andr.
743 3687 960 3773 'I'iraquellus
976 3687 1039 3750 Sed
1061 3705 1135 3750 sane
1155 3683 1206 3746 lex
1218 3679 1273 3742 illa

257 3793 387 3845 tantum
402 3776 546 3863 loquitur
560 3775 600 3840 de
613 3797 687 3842 casu
700 3775 849 3866 speciali,
862 3775 885 3840 si
898 3787 1054 3864 patronus
1069 3769 1184 3838 ldtertis
1194 3769 1272 3865 laena

259 3869 369 3958 omnia
388 3865 440 3935 vel
454 3887 568 3932 eorum
589 3877 716 3954 partem
732 3865 901 3932 detinuerit
909 3914 919 3947 ,
936 3876 968 3929 ct
983 3875 1091 3954 postea
1107 3865 1272 3956 susoepeut
