2756 4504
267 351 332 421 sia
517 349 1031 436 urnua11,r1r.v11.

265 466 401 543 liarent,
414 483 456 526 ne
475 461 625 552 venalitio
639 473 740 528 essent
755 462 983 546 matrimonia,
995 473 1056 528 etc.
1072 459 1094 526 l.
1113 479 1124 524 s
1133 509 1144 540 ,
1156 458 1177 524 l.
1189 478 1207 527 2
1217 453 1269 545 ‚ff-

265 553 306 618 de
323 553 404 618 don.
420 553 510 616 inter
521 551 584 616 vir.
604 563 637 616 et
657 577 714 616 ux.
735 551 784 617 5⁰.
800 554 841 618 In
856 552 1028 618 donatione
1046 549 1156 626 mortis
1172 568 1267 612 caussa

210 667 245 690 ¹·
265 643 301 707 in
312 642 416 732 specie
428 640 620 728 requiritur,
634 652 671 704 ut
683 641 851 706 donatario
862 641 963 728 legari
997 640 1080 706 ossit.
1094 636 1214 726 Quibus
1224 655 1270 700 au·

265 745 333 796 tem
343 731 444 818 legari
458 729 571 819 possit,
588 729 766 796 videbimus
780 727 863 796 infra
881 732 911 816 §.
930 664 1004 797 sod.
1069 753 1076 768 ·

306 847 667 950 Requin'tacceptau'onem
676 871 819 951 donatio]
832 859 903 930 cod.
915 875 1058 949 Napmrt.
1063 869 1123 948 932
1132 881 1160 926 et
1169 886 1243 942 seqq.

313 960 391 1012 Inter
396 968 516 1030 patrem
530 956 665 1018 etlilium
678 976 736 1012 non
750 959 824 1014 calce
836 951 1197 1033 donau'o.]1mma‚vulet,
1210 948 1272 1004 eod.

266 1041 350 1113 Nap.
372 1051 425 1094 art.
439 1055 498 1112 9¹9·
519 1037 600 1092 Valet
617 1036 706 1093 etiam
726 1037 804 1094 iuter
824 1036 964 1114 conjuges
977 1037 1055 1093 faeta
1072 1032 1213 1102 donatio;
1230 1027 1273 1087 sed

263 1119 438 1180 revocabilis
450 1129 504 1176 est.
516 1130 570 1175 art.
583 1117 658 1194 1096.

305 1242 309 1253 '
631 1225 929 1352 §.coccum
990 1275 993 1284 ⁴

313 1419 423 1487 Tertia
440 1418 573 1506 quaestio
591 1429 659 1499 est,
681 1443 759 1508 quae
779 1443 832 1486 res
854 1419 968 1486 donari
989 1419 1135 1509 possint?
1148 1413 1275 1486 Donatio

267 1523 315 1575 est
328 1509 517 1588 liberalitas,
531 1507 561 1594 §.
579 1508 641 1574 455
653 1534 663 1583 3
676 1509 848 1576 liberalitas
866 1509 986 1596 aliquid
1001 1511 1037 1576 in
1052 1511 1191 1582 alterum
1204 1499 1274 1570 con-

268 1600 350 1680 fert,
366 1598 453 1686 quod
471 1597 501 1662 ei
521 1597 692 1662 utilitatem
713 1609 864 1686 praestare
882 1598 989 1688 possit.
1007 1598 1190 1664 Utilitatem
1210 1615 1275 1684 pos·

215 1717 255 1738 ⁶·
270 1701 347 1756 sunt
360 1699 511 1776 praestare
529 1685 573 1751 1⁰.
589 1709 657 1766 res,
672 1697 835 1773 quaesunt
855 1687 891 1752 in
907 1689 1118 1772 commercio.
1133 1683 1225 1752 Unde
1237 1680 1252 1744 l
1264 1715 1276 1729 ·

271 1780 332 1843 oile
346 1787 453 1866 patet,
473 1775 587 1842 donari
604 1781 672 1840 no'u
686 1779 779 1862 posse
792 1799 842 1840 res
858 1798 982 1854 sacras,
999 1775 1177 1864 religiosas,
1196 1792 1278 1838 sanc-
1348 1801 1349 1808 ¹

270 1882 337 1947 tas,
352 1877 414 1930 etc.
428 1886 638 1944 communes,
655 1863 818 1952 publicas,
835 1865 1065 1945 universitatis,
1085 1865 1203 1954 quippe
1216 1878 1277 1948 qua
1348 1853 1349 1936 ἶ

271 1981 290 2022 a
317 1955 450 2045 privatis
473 1951 586 2018 baberi
609 1965 785 2039 nequeunt.
811 1950 991 2020 Utilitatem
1016 1953 1116 2020 etiam
1142 1951 1279 2042 praestant
1348 1943 1349 2010 l

220 2089 262 2116 ..a
273 2055 319 2112 2⁰.
334 2068 383 2109 res
399 2040 632 2130 incorporales,
647 2041 746 2106 veluti
758 2041 834 2128 jura
848 2091 858 2122 ‚
870 2042 1034 2108 servitutes
1047 2092 1057 2122 ,
1071 2041 1277 2130 obligationes.
1348 2035 1349 2058 ¹

271 2135 361 2220 Ergo
374 2148 407 2198 et
421 2133 478 2196 ha's
492 2130 607 2196 donari
622 2153 730 2218 posse,
744 2151 812 2196 non
825 2130 1018 2220 ambigitur,
1033 2131 1056 2197 l.
1066 2155 1093 2220 9
1104 2181 1113 2214 ‚
1123 2155 1177 2220 pr.
1196 2129 1216 2194 l.
1232 2144 1277 2214 27,

181 2236 187 2244 ’
272 2248 340 2311 seq.
345 2221 392 2312 ff
411 2222 444 2286 b.
459 2233 483 2284 t.
500 2219 683 2285 Utilitatem
698 2231 848 2308 praestare
862 2232 995 2310 possunt
1009 2221 1059 2287 3⁰.
1085 2217 1194 2288 omnia
1207 2216 1279 2281 bona
1301 2243 1331 2273 ο·

272 2309 441 2402 praesentia
463 2319 495 2374 et
516 2307 701 2398 praeterita3
722 2307 854 2394 ergoet
876 2309 932 2374 illa
954 2307 1068 2374 donari
1094 2317 1240 2399 possunt,
1258 2301 1280 2367 si

273 2402 345 2488 quis
367 2411 435 2464 tam
457 2396 594 2463 liberalis
612 2403 669 2460 aut
687 2397 794 2485 potius
812 2397 966 2488 prodigus
987 2391 1051 2464 ease
1067 2399 1162 2478 velit,
1177 2397 1199 2462 l.
1216 2396 1278 2470 35,

273 2491 304 2574 ς.
327 2485 431 2565 4,‘0.
452 2487 485 2551 b.
505 2497 528 2550 t.
552 2485 604 2552 Ne
625 2497 736 2550 tamen
755 2485 912 2576 ejusmodi
933 2486 1093 2568 donator,
1114 2482 1278 2552 inconsulte
1347 2549 1348 2556 ἵ

273 2576 384 2642 omnia
397 2597 454 2640 sua
465 2573 609 2662 jactans,
623 2571 709 2640 fame
726 2587 855 2664 pereat,
870 2573 1039 2665 proditum
1052 2593 1120 2658 est,
1134 2597 1208 2641 euni
1224 2590 1281 2634 non

274 2689 365 2756 posse
387 2661 554 2729 conveniri
575 2661 791 2746 insolidum,
814 2661 868 2728 sed
886 2663 946 2752 ipsi
966 2663 1211 2751 relinquendam
1226 2677 1280 2724 esse

273 2767 401 2822 tantam
419 2753 582 2818 bonorum
603 2763 750 2841 partem,
765 2753 851 2818 unde
866 2752 990 2823 victum
1008 2766 1040 2818 et
1058 2755 1213 2820 amictum
1230 2769 1281 2812 ne-

275 2847 448 2912 cessarium
461 2841 579 2908 habere
594 2841 701 2934 possit.
726 2841 748 2906 l.
771 2865 827 2928 19,
842 2842 872 2926 ἕ.
892 2865 926 2920 t,
943 2842 965 2906 l.
982 2840 1050 2930 49¹,
1068 2841 1092 2908 l.
1108 2847 1158 2908 60
1167 2890 1180 2924 ,
1187 2835 1232 2930 ffl
1247 2835 1281 2900 da

223 2936 381 3026 *judic*
403 2933 555 3000 Vocatur
576 2930 639 2994 hoc
662 2926 865 3018 beneficium
882 2933 1139 3018 competentioe,
1167 2929 1280 3014 dequo

275 3025 420 3090 dicemus
432 3019 515 3086 infra
534 3022 564 3106 5.
585 3041 669 3110 1199
686 3041 750 3106 seq.
768 3017 916 3106 Denique
930 3018 976 3084 4⁰.
995 3031 1092 3104 etres
1106 3021 1215 3086 alienoe
1228 3011 1320 3080 uti·-

272 3111 398 3180 litatem
411 3122 562 3200 praestare
600 3119 724 3184 ossunt,
737 3107 920 3196 ergoethae
933 3105 1048 3174 donari
1066 3120 1199 3198 queunt.
1214 3105 1283 3174 Pos-
1346 3117 1347 3178 ζ

274 3215 322 3268 set
339 3203 373 3266 id
391 3200 544 3288 iniquum
562 3132 660 3274 alicui
676 3196 778 3262 videri
788 3221 801 3278 3
813 3219 891 3262 nam
907 3197 985 3286 quid
1004 3196 1069 3268 nisi
1082 3195 1206 3264 furtum
1223 3203 1282 3268 est,
1346 3215 1347 3232 ³

276 3293 416 3358 alienam
429 3312 501 3354 rem
515 3290 654 3368 donare,
673 3285 726 3376 vel
741 3283 781 3350 de
796 3285 901 3355 alieno
916 3285 1025 3352 ludere
1042 3285 1156 3352 corio?
1175 3281 1236 3350 ssd
1253 3276 1281 3344 id
1346 3263 1347 3318 l

234 3459 236 3464 A
275 3381 376 3471 probe
402 3375 661 3456 observandum,
684 3371 830 3468 hicnon
850 3375 975 3464 quaeri,
1000 3397 1041 3440 an
1068 3371 1221 3462 ejusmodi
1242 3365 1282 3435 rei

276 3471 390 3535 alienae
409 3467 540 3532 donatio
558 3464 741 3534 dominium
756 3464 861 3530 valide
878 3463 1073 3530 transferat?
1092 3464 1125 3530 id
1139 3463 1223 3530 enim
1234 3479 1283 3523 ue·

277 3572 395 3648 gutur,
420 3556 518 3643 quia,
541 3554 629 3642 quod
649 3553 786 3618 donator
804 3575 870 3617 non
893 3550 1012 3634 habet,
1031 3553 1066 3620 iu
1089 3549 1282 3621 donatarium

278 3645 450 3714 bandone
476 3643 598 3730 nequit.
623 3643 694 3722 Nec
714 3642 869 3728 quaeritur
890 3641 980 3726 jam,
1003 3666 1045 3706 an
1070 3635 1223 3728 ejusmodi
1241 3631 1282 3700 rei

279 3735 392 3802 alienae
411 3732 542 3798 donatio
564 3728 752 3822 praejudicet
769 3753 846 3796 vero
866 3729 1023 3798 domino?
1042 3755 1118 3796 nam
1134 3741 1165 3796 et
1178 3727 1211 3796 id
1228 3746 1281 3790 ue-

279 3826 445 3911 gandum‚
464 3821 539 3910 quia
558 3820 679 3886 nemini
696 3842 807 3885 rerum
825 3841 959 3897 suarum
974 3816 1154 3886 dominium
1175 3807 1282 3880 auferri

274 3914 378 3983 invito
399 3909 526 4004 potest,
546 3911 609 3980 nisi
628 3910 663 3977 in
685 3932 834 4002 poenam·
854 3909 969 4000 Itaque
985 3909 1055 3975 haeo
1077 3907 1204 3976 donatio
1224 3920 1283 3970 non
