2756 4504
187 263 252 336 ns
272 262 612 334 snnvmurrssus
635 263 947 334 nummorum
1014 263 1090 345 sss

419 435 450 524 §-
473 433 702 502 eeccvn.
965 413 1045 462 ‘⁴³⁶‘

98 599 160 670 vAb
173 605 223 671 his
237 602 389 670 differunt
401 601 568 670 servitutes
582 601 671 668 XIII
681 610 878 692 prospectus
891 610 925 664 et
938 599 1029 667 XIV
1041 623 1085 666 ns

62 695 252 782 prospectui
274 693 466 782 efficimur!
479 693 622 760 Servitus
650 700 840 784 prospectus
862 701 908 756 est
920 741 930 774 ,
954 689 1086 780 quando

66 787 143 849 milvi
163 785 238 849 lieet
259 786 310 851 vel
328 783 363 848 in
384 784 483 850 vicini
507 805 639 864 aream,
662 785 713 850 vel
731 806 792 873 per
809 781 955 848 illumin
975 781 1088 848 Iocum

24 915 27 936 ι
65 896 232 938 amoenum
245 873 452 938 remotiorem
466 873 660 962 prospicere.
674 873 708 938 Sl
723 895 799 938 vero
812 873 896 937 mihi
909 895 978 938 non
990 873 1091 942 modu

65 964 96 1027 id
110 964 206 1044 lieet‚'
218 983 334 1028 verum
356 963 454 1026 etiem
475 962 600 1028 vicinus
615 962 696 1027 mihi
714 961 813 1027 fidem
833 961 920 1027 dedit
931 966 947 1043 ,’
959 985 991 1030 se
1009 963 1091 1029 huie

66 1052 249 1141 prospectui
263 1071 336 1114 meo
352 1074 420 1116 non
440 1049 654 1133 offecturum,
669 1052 787 1117 dicitur
804 1051 874 1136 hoec
893 1055 1028 1118 servitus
1048 1068 1091 1120 ne·

67 1143 249 1230 prospectui
271 1137 442 1206 officiatur.
464 1141 554 1206 Inter
567 1139 734 1206 luminum
754 1156 832 1227 ergo
852 1153 884 1206 et
901 1153 1091 1232 prospectus
1140 1209 1142 1228 ¹

66 1235 253 1296 servitutem
275 1231 478 1317 permultum
501 1230 641 1296 interest.
657 1231 747 1296 Nam
763 1239 806 1296 1⁰.
821 1229 856 1294 in
870 1231 1021 1300 servitute
1036 1233 1092 1296 lu-

68 1321 214 1400 minum,
226 1319 371 1384 l'enestrae
378 1330 509 1408 possunt
518 1341 582 1384 esse
590 1318 705 1386 elausae
715 1321 765 1384 :in
773 1332 961 1408 prospectu,
971 1333 1092 1410 apertae
1114 1374 1117 1382 ,

68 1433 132 1474 esse
141 1409 267 1473 ‹lebent-
280 1417 327 1474 2⁰.
335 1409 376 1472 In
382 1408 705 1476 servituteluminum
715 1409 1098 1496 requiriturcontiguitas

25 1529 27 1534 ¹
72 1499 275 1588 praediovum
290 1525 297 1561 :
314 1498 448 1564 servitus
459 1510 649 1588 'prospectus
661 1498 811 1564 constitui
830 1498 929 1563 etiam
951 1510 1095 1586 potesta
1119 1531 1120 1534 ¹

71 1589 179 1652 vicino
196 1589 377 1652 remotiore.
395 1587 449 1654 '5⁹0
469 1589 664 1653 Servitutem
684 1587 851 1652 luminum
865 1586 1025 1653 arbores-e
1039 1610 1095 1654 re·

71 1678 167 1762 gione
194 1675 406 1742 fenestrarum
430 1677 584 1765 plantatus
605 1699 674 1744 nou
699 1676 904 1766 impediunt,
926 1687 960 1740 et
986 1676 1097 1766 impe*

73 1767 171 1920 diunt}
182 1778 369 1855 prospectus
382 1765 582 1836 servitutem.
606 1765 649 1832 V
645 1767 694 1832 id.
715 1767 740 1831 l.
760 1789 821 1846 12,
843 1765 887 1831 de
904 1789 990 1834 serv·
1018 1763 1096 1832 urb·

66 1879 147 1944 prce
170 1901 180 1919 .
1026 1879 1028 1888 0

114 1997 189 2059 Vide
202 1997 272 2056 con
282 1999 364 2076 Nep.
375 2013 431 2058 art.
446 1997 505 2082 676
514 2013 543 2060 et
553 2019 633 2075 seqq·

289 2162 323 2248 5.
346 2159 841 2231 CCCCVIII—CCCCX·
903 2240 905 2244 .

120 2325 287 2390 Hactenus
308 2321 348 2388 de
365 2321 571 2409 servitutibus
591 2321 789 2412 praediorum
805 2321 1019 2390 urbanorum.
1041 2321 1103 2392 Se·

73 2425 224 2502 quuntur
238 2411 405 2479 servitutes
413 2412 631 2498 praediorum
644 2413 871 2494 rusticorum,
886 2435 1025 2500 quarum
1039 2423 1104 2480 tres

74 2505 239 2594 precipue
255 2501 350 2582 ειιιιῑ,Ι
369 2509 413 2566 1⁰.
428 2501 509 2580 iter,
533 2510 577 2570 2⁰·
591 2511 701 2582 actm,
719 2501 768 2567 5⁰.
783 2501 846 2568 via.
865 2503 995 2571 Omnes
1007 2505 1042 2569 in
1063 2504 1103 2568 eu

74 2591 273 2673 consistunt,
288 2589 376 2680 quod
392 2612 452 2678 per
465 2590 610 2658 alienum
630 2586 770 2654 fundum
792 2592 911 2680 possim
933 2593 1022 2660 viem
1045 2614 1105 2656 ea-

75 2702 174 2772 pere,
187 2684 242 2744 sed
256 2679 409 2746 differunt
424 2691 536 2745 tamen
554 2680 597 2745 1⁰.
616 2702 686 2746 usu.
704 2679 740 2744 Si
756 2681 817 2746 iter
831 2681 957 2762 habeo,
974 2701 1107 2770 possum

74 2773 125 2837 ire
138 2819 147 2851 ,
162 2769 351 2852 ambulare,
365 2770 420 2834 sed
435 2791 503 2834 non
514 2769 703 2856 jumentum
720 2790 815 2854 egere
831 2771 884 2836 vel
897 2769 1106 2850 vehiculum,
1216 2805 1218 2810 Δ

77 2862 101 2926 I.
122 2883 160 2938 t,
174 2883 233 2946 pr.
250 2859 293 2924 tle
311 2883 397 2924 serv.
410 2858 524 2947 proecl.
544 2869 631 2924 rust.
654 2859 688 2922 Si
706 2870 817 2922 ectum
835 2856 959 2940 halles,
974 2880 1108 2948 possum

75 2950 126 3014 ire
141 2997 151 3027 ,
166 2947 354 3028 ambulare,
366 2948 555 3034 jumentum
568 2967 663 3033 agere
678 2947 730 3012 vel
744 2947 951 3026 vehiculum,
965 2969 1033 3013 non
1045 2970 1107 3013 au·

77 3052 148 3104 tem
162 3037 346 3126 plaustrum
362 3037 490 3102 ducere.
506 3037 541 3102 Si
554 3036 662 3118 viem,
677 3059 808 3126 pessum
820 3036 866 3102 ibi
884 3037 1022 3118 vehere,
1036 3037 1060 3102 i.
1077 3057 1107 3102 e.

76 3128 265 3220 plaustrum
279 3127 407 3192 ducere.
423 3126 516 3192 Olim
538 3126 692 3191 obscures*
710 3125 784 3192 visse
806 3138 882 3192 sunt
907 3125 1109 3192 definitiones

79 3227 173 3282 uetus
185 3227 218 3282 et
230 3216 300 3282 viee.
317 3217 405 3280 Inter
415 3214 474 3280 has
484 3215 574 3282 enim
587 3215 755 3282 servitutes
773 3214 855 3280 nihil
871 3237 1031 3306 superesse
1045 3215 1113 3281 dis-

80 3305 228 3371 criminis
240 3305 491 3386 existimarunt,
510 3305 585 3370 siet
602 3317 713 3370 aetum
732 3316 765 3370 et
781 3305 867 3371 viam
884 3305 1018 3371 habenti
1030 3306 1112 3372 liee-

78 3407 133 3462 ret
146 3395 220 3462 vehi
233 3393 289 3459 vel
297 3395 487 3460 vehiculum
500 3416 605 3482 egere.
618 3395 683 3460 Sed
696 3394 822 3484 primus
835 3395 989 3462 adcurate
1001 3395 1051 3464 V.
1063 3393 1112 3462 A.

79 3485 214 3550 Cornel.
231 3507 296 3549 ven
311 3483 496 3574 Byukersh.
513 3483 594 3550 Obs.
610 3485 633 3549 I
637 3483 678 3548 V
674 3505 725 3567 ,ff
727 3533 740 3565 ,
754 3485 790 3553 in
804 3485 990 3552 defiuitione
1004 3495 1112 3568 ectus,

80 3597 142 3664 per
158 3572 347 3638 vehiculum
361 3573 511 3658 intelligit
525 3572 736 3654 vehiculum,
757 3576 848 3661 quod
865 3597 968 3641 manu
985 3574 1113 3664 agitur,

81 3663 138 3728 vel
151 3661 294 3728 trusatile
308 3688 317 3727 z
333 3665 368 3726 in
383 3661 568 3728 definitione
584 3674 696 3728 eutem
711 3662 787 3745 viee,
803 3665 920 3733 vehere
934 3685 998 3732 esse
1008 3665 1111 3746 idem,

81 3775 123 3817 ac
138 3752 323 3840 plaustrum
336 3763 492 3818 onustum
504 3753 632 3819 ducere.
654 3751 781 3818 Deinde
801 3752 956 3818 differunt
974 3753 1029 3845 lise¹
1046 3776 1115 3820 ser·

82 3841 224 3920 vitutes,
241 3843 490 3930 2⁰„quentitute
502 3841 609 3933 spatii.
624 3841 695 3930 Qui
714 3843 804 3912 viem
823 3843 921 3910 habet
932 3891 942 3923 ,
955 3839 986 3906 ei
1002 3841 1116 3910 indul·-

133 3931 231 3996 Pnns
251 3947 375 4024 rernm
875 3929 938 3998 Bb
