2710 4504
331 276 335 285 “
395 291 754 370 rnonnrun.
1047 290 1091 380 7⁵

74 409 209 472 nulludiri
221 410 253 469 in
265 429 331 470 tusc
346 413 515 487 opusculo,
530 411 579 470 eui
591 409 697 468 titulat
709 429 717 465 a
732 405 832 466 ruat
845 404 942 464 uene.
956 405 997 460 du
1008 403 1096 462 Drot’t

75 497 174 552 mmuin
182 537 193 564 ,
207 515 242 572 p.
256 493 297 571 4]
309 509 338 568 at
349 493 400 556 48.
1082 514 1086 526 ·

107 577 159 632 Sub
169 578 287 634 diceros
299 575 362 649 ejus
372 575 492 656 stada]
506 575 621 634 Pariter
640 574 673 632 in
691 572 801 632 Codice
818 569 999 646 Napoleonis
1016 565 1093 624 arti-

74 657 121 714 culi
135 653 188 716 152
199 671 228 716 et
240 671 396 735 sequentes
406 659 503 736 uque
513 657 553 714 ad
564 656 725 728 articulum
741 651 808 732 167,
818 665 847 712 et
858 652 1002 710 articulus
1015 647 1093 722 530,

74 741 195 814 quamvis
220 759 257 798 ex
278 741 446 818 postfacto
470 739 649 816 compositi,
666 739 699 796 in
718 739 784 816 ipso
803 735 932 804 Codice,
953 752 1010 808 suo
1028 731 1097 788 loco

74 822 258 899 requiescunt.
1018 829 1020 833 '

420 935 452 1022 s.
469 933 580 1004 v111
605 944 639 1002 o
661 931 734 1000 rx.

111 1079 231 1146 Eodem
245 1091 394 1185 tempore
405 1079 533 1170 scripte
544 1091 621 1146 sunt
634 1079 931 1160 metuculosus,
946 1099 1020 1166 quas
1029 1074 1101 1166 pri·

77 1192 159 1236 mum
178 1170 291 1236 locum
311 1194 346 1236 m
365 1193 504 1262 corpore
516 1170 603 1256 luris
617 1181 791 1260 occupant.
813 1169 939 1236 Eurum
953 1178 1101 1241 auctores

76 1255 195 1324 leserunt
218 1271 286 1326 tres
312 1259 539 1327 Iurisconsulti
565 1259 673 1348 hujus'
687 1260 811 1340 aetatis,
837 1257 1099 1338 Tritoniacam,
1188 1330 1190 1334 ,

81 1347 281 1436 Theophilus
295 1359 329 1414 et
343 1349 553 1431 Dorotheus,
574 1349 630 1438 qui
644 1359 755 1416 tamen
767 1371 837 1416 nou
852 1347 893 1432 de
907 1369 995 1414 novo
1007 1346 1100 1418 hunt

77 1437 185 1504 librum
203 1438 467 1520 concinnarunt,
481 1439 536 1504 sed
549 1461 593 1506 ex
605 1450 754 1522 veterum
764 1436 1102 1517 iurisconsultorum,

78 1549 100 1592 e.
114 1548 142 1614 g.
156 1527 313 1618 Ulpiani,
325 1527 527 1610 Florentini‘,
544 1527 629 1608 Caii,
644 1525 899 1608 institutionibus
913 1526 1102 1592 maximam

78 1628 191 1706 partem
209 1629 419 1698 sumserunt,
433 1617 466 1686 id
478 1619 567 1708 quoti
581 1617 655 1684 satis
670 1630 807 1711 apparet
821 1641 863 1684 ex
878 1611 1103 1706 superstitibus

80 1705 139 1770 Caii
150 1707 395 1772 institutionum
409 1706 616 1795 fragmentis,
632 1730 705 1798 qun
716 1705 815 1788 edidit
827 1705 976 1796 notisque
990 1701 1104 1776 vario-

78 1815 143 1859 rum
159 1792 339 1862 'illustravit
359 1797 406 1864 V.
424 1797 463 1864 C.
480 1795 647 1866 Antonius
666 1797 909 1884 Schuitingius,
928 1797 966 1862 in
991 1793 1109 1860 tarto-r

78 1885 228 1970 prudent.
255 1883 298 1951 V
296 1897 338 1954 et.
358 1885 604 1979 Ante-dualia.
622 1910 662 1974 p.
686 1910 711 1952 a.
733 1909 824 1978 seqq.
847 1885 951 1950 Editas
970 1880 1105 1948 luerunt

81 1973 292 2040 institutiones
306 1998 394 2040 anno
410 1973 486 2056 555,
500 1987 533 2040 et
543 1975 641 2042 dmul
653 1999 732 2044 curn
747 1973 921 2063 Bardaotis
933 1969 1106 2040 auctorita·

20 2091 21 2096 *
81 2071 137 2128 tem
151 2087 246 2130 snam
260 2075 471 2154 acceperunt.
487 2065 531 2133 Et
543 2065 693 2154 quamvis
707 2087 746 2132 eo
759 2057 927 2156 praecipue
942 2061 1008 2130 bna
1023 2079 1105 2150 pro-

20 2195 22 2222 t
81 2151 198 2234 dierint,
217 2165 261 2218 ut
273 2155 411 2240 juvenes
428 2155 464 2220 in
484 2155 587 2220 tribus
606 2155 798 2234 academiis,
816 2155 989 2232 Romana,
1005 2152 1106 2216 Cons-

20 2257 21 2260 ’
82 2241 341 2348 tautinopolitaua
354 2245 585 2334 etBerytensi,
605 2265 648 2310 ex
666 2242 704 2312 iis
721 2243 979 2332 elementajuris
990 2238 1107 2310 hauris

81 2344 142 2398 rent
154 2359 162 2398 a
176 2331 280 2398 simul
293 2345 404 2399 tamen
415 2331 643 2402 auctoritatem
658 2335 796 2422 legalem
814 2353 889 2403 acce
914 2343 1011 2400 erunt
1025 2352 1108 2396 ean-

82 2419 155 2503 dem,
163 2445 270 2510 quam
277 2422 655 2500 habontconstitutiones
662 2423 870 2516 principum,
905 2423 947 2488 .6
956 2442 1107 2512 prooem·

82 2509 159 2578 inst.
171 2511 265 2578 unde
284 2512 321 2576 in
338 2511 410 2580 foro
424 2535 517 2600 aeque
537 2515 672 2602 possunt
690 2513 877 2604 allegerica
893 2511 1109 2588 l'andectaset

23 2671 24 2674 Ἴ
83 2599 193 2682 Codex,
208 2611 245 2667 et
254 2601 299 2666 ibi
310 2597 456 2690 ejusdem
467 2625 543 2668 cum
554 2603 604 2668 his
614 2601 815 2669 auctoritatis
826 2601 1000 2670 habentur.
1015 2601 1109 2666 idem

23 2725 24 2728 ¹
84 2687 296 2780 Theophilus,
316 2691 374 2779 qui
392 2691 614 2780 institutiones
628 2715 706 2760 cum
720 2693 753 2760 T
753 2692 925 2760 riboniano
945 2703 979 2758 et
997 2689 1112 2759 Doro-

83 2776 149 2844 theo
162 2778 324 2861 confecit,
339 2791 449 2870 postea
460 2781 587 2848 easdem
600 2804 705 2870 graeca
717 2782 908 2888 paraphrasi
919 2779 1113 2858 illustravit,

24 2907 26 2948 t
84 2887 146 2954 quae
163 2869 349 2935 etiamnum
364 2882 486 2953 exuat,
508 2883 541 2937 et
560 2871 702 2936 studioso
715 2875 801 2959 ¹juris
819 2871 986 2936 utilissima
1003 2881 1048 2934 est
1069 2868 1112 2932 ad

82 2977 201 3024 sensum
214 2959 466 3026 institutionum
477 2981 516 3026 so
529 2960 712 3032 accuratius
723 2959 996 3050 perspiciendum.
1010 2957 1113 3048 Opti-

25 3061 26 3099 t
84 3062 130 3111 ma
142 3047 244 3118 aditio
256 3059 303 3113 est
316 3048 427 3116 Caroli
438 3049 632 3118 Hannibalis
642 3049 811 3128 Fabi-otti,
824 3051 931 3115 irs-4⁰.

121 3136 211 3202 Istud
222 3137 333 3204 adhuc
343 3160 475 3221 moneo,
484 3139 765 3228 quemadmodum
775 3139 950 3206 Pandsctse
958 3149 991 3203 et
999 3137 1117 3218 Codex,

26 3259 27 3265 κ
86 3223 262 3312 allegantur
275 3249 335 3316 per
352 3228 460 3314 legera
481 3229 527 3295 ita
546 3229 766 3294 institutiones
786 3228 920 3316 allegari
937 3249 998 3318 per
1016 3249 1115 3317 para-

89 3315 242 3404 graphus,
253 3315 297 3381 ite
310 3327 348 3382 ut
353 3366 364 3398 ,
378 3319 544 3406 praemissu
554 3339 695 3387 numero
704 3319 923 3410 paragraphi,
935 3317 1075 3383 addatur
1086 3318 1116 3382 Ι.

87 3404 132 3469 vel
141 3405 232 3472 luat.
240 3404 372 3493 signum
385 3407 645 3488 institutionum,
656 3421 850 3496 etsequatur
859 3405 975 3474 deinde
985 3407 1117 3488 titulus,

89 3510 156 3581 sag.
168 3495 292 3562 Princ.
303 3495 396 3562 Inat-
408 3495 627 3587 &Nuptiiu
638 3497 669 3585 5
684 3500 720 3582 3,
733 3500 823 3565 inat.
840 3499 883 3564 de
893 3495 1115 3566 Actionidtca.

424 3721 427 3730 .
547 3645 579 3733 i·
601 3643 651 3712 X·

29 3685 31 3720 l

29 3739 32 3840 l
131 3795 304 3866 Subsistere
332 3790 386 3861 hio
407 3791 562 3888 potuisset
584 3789 759 3877 iustiniani
780 3786 956 3872 industria,
983 3786 1119 3860 cumei

30 3923 32 3970 ῃ
90 3881 195 3956 Codex
220 3897 253 3955 et
280 3884 452 3956 Pendectae
477 3893 510 3951 et
531 3877 753 3951 institutiones
773 3880 990 3974 prodiissent,
1016 3879 1121 3948 modis
