2644 4504
903 75 928 110 l

308 105 542 197 stum!
566 104 763 178 „Amat
792 141 845 172 μ,
897 101 1143 182 ἅμμον

264 345 330 412 505
508 343 734 424 LIBERI,
762 343 874 408 TIT.
899 341 1042 410 XXV.

261 464 447 542 competere
466 476 535 516 non
555 453 652 540 possit
669 452 768 514 tacita
785 450 982 539 hypotheca.
1002 449 1092 534 Ergo
1109 439 1273 522 dicunt,si

261 544 314 606 vel
338 543 501 606 voluerint
516 541 653 606 tutelam
671 541 851 627 suscipere,
868 551 981 604 tamen
995 560 1038 602 ne
1056 540 1192 624 potuisse
1210 533 1272 618 qui-

262 633 338 696 dem
350 653 403 696 eos
419 631 559 698 admitti.
576 631 639 694 sad
653 629 724 693 baec
739 629 824 694 ratio
837 629 934 693 hodie
949 626 1083 714 quidem
1098 626 1194 704 valet,
1206 623 1274 686 otim

260 733 371 784 autem
382 720 470 809 apud
484 721 651 785 Romanos
659 719 746 782 istud
756 716 819 782 fuit
829 739 958 782 mentm
966 714 1275 804 privilegium,mera

260 812 427 874 excusatio
444 810 637 875 voluntaria.
652 807 741 871 Nam
758 808 805 895 (a)
820 807 855 870 in
865 809 897 892 5
914 831 947 887 s,
960 807 1050 870 lust.
1066 805 1100 868 a
1116 815 1142 867 t.
1155 803 1274 876 dicitur,

262 924 319 964 eos
327 923 427 986 posse
439 901 615 976 excusari,
631 897 654 961 i.
668 920 697 961 c.
711 899 737 962 si
749 896 860 962 velint.
875 895 923 983 (b)
932 894 1035 982 Apud
1046 893 1276 958 Romanosnon

158 1055 161 1060 ,
262 1013 344 1078 opus
357 1001 428 1053 erat
438 989 535 1054 tacita
548 987 604 1052 itta
616 987 819 1075 hypotheca,
831 988 907 1072 quia
929 996 1020 1048 tutor
1033 983 1183 1048 satisdare
1194 992 1275 1044 tene-

261 1078 380 1158 ba'tur,
397 1100 499 1166 eaque
513 1075 715 1142 satisdatione
729 1077 803 1142 satis
814 1097 946 1140 securus
958 1072 1172 1161 prastabatur
1182 1068 1276 1158 pupil-

262 1167 325 1231 lus.
341 1167 390 1231 At
403 1167 499 1232 hodie
510 1190 588 1231 cum
601 1165 763 1230 satisdatio
775 1163 841 1230 sere
855 1163 896 1227 ab
910 1185 970 1226 usu
986 1161 1167 1239 roecsserit,
1184 1171 1214 1222 et
1230 1181 1275 1222 ra-

262 1259 330 1320 rius
352 1253 527 1342 exigantur
549 1253 776 1341 fidejussores,
804 1255 922 1317 merito
948 1253 1019 1316 haec
1041 1249 1204 1315 excusatio
1226 1268 1275 1336 pro

263 1349 440 1412 neccssaria
453 1345 505 1412 vel
516 1343 713 1434 prohibitiva
726 1343 876 1408 habetur.

302 1491 419 1562 Quibus
433 1491 473 1546 ob
485 1489 675 1564 privilegium
692 1489 791 1544 tutela
810 1445 926 1544 vacatib
945 1486 1114 1555 tribuitur,
1136 1483 1230 1540 videre
1243 1490 1275 1535 cst

264 1573 296 1631 in
310 1575 383 1630 Cod.
403 1575 485 1648 stup.
500 1585 556 1628 art.
570 1571 633 1648 427.
1168 1581 1179 1594 “

660 1717 691 1801 ς.
719 1711 900 1781 ccxci.

311 1879 634 1969 Privilegiumsimite
651 1877 765 1941 datum
779 1879 825 1943 5⁰.
839 1874 1038 1940 absentibus
1053 1875 1139 1960 reip.
1154 1891 1273 1942 causam

176 1991 181 2002 ’
262 1975 372 2061 quates
385 1984 462 2036 sunt
477 1969 572 2056 legati
592 1990 668 2056 pop.
689 1967 788 2030 Rom.
804 1965 1010 2050 magistratus
1029 1961 1236 2051 provinciales
1249 1969 1273 2019 et

267 2063 395 2129 militat.
411 2061 475 2126 Se‘d
486 2059 540 2124 hic
554 2047 818 2142 distinguendum
830 2054 915 2118 inter
928 2053 1066 2116 tutelam
1079 2053 1152 2140 jam
1168 2069 1275 2133 suscep

266 2167 336 2240 tam
348 2164 380 2218 et
393 2147 641 2240 suscipiendam.
656 2145 691 2211 A
705 2141 906 2232 suscipienda
922 2141 1060 2207 omnino
1080 2149 1273 2208 excusantur,

266 2263 335 2308 non
349 2239 449 2306 modo
460 2239 542 2304 dum
556 2237 693 2315 absunt,
711 2234 765 2298 sed
781 2245 812 2298 et
832 2233 917 2298 intra
939 2252 1085 2310 annum,
1101 2251 1145 2294 ex
1161 2250 1221 2314 quo
1236 2245 1276 2288 re-
1315 2285 1316 2290 ,

267 2333 352 2396 versi
365 2341 441 2396 sunt
454 2356 462 2394 ε
475 2329 533 2416 qui
551 2347 656 2391 annus
671 2325 705 2388 in
720 2323 795 2406 jure
812 2332 922 2385 nostro
933 2321 1054 2384 dicitur
1064 2342 1179 2383 annus
1192 2335 1277 2382 cuca·

268 2421 383 2486 tionis.
399 2419 435 2486 A
453 2428 600 2504 suscepta
622 2425 732 2477 autem
750 2422 883 2476 eatenus
903 2420 1123 2490 excusantur,
1143 2415 1278 2493 quatenus

267 2509 405 2588 absunt,
423 2519 456 2574 ct
468 2509 590 2572 interea
601 2522 720 2568 'eorum
735 2503 808 2566 loco
827 2496 925 2564 datur
942 2509 1075 2564 curator
1089 2523 1098 2561 ι
1113 2497 1168 2561 sed
1180 2487 1277 2559 reversi

267 2622 341 2666 cam
352 2595 487 2663 tutelam
498 2593 678 2684 recipiunt,
690 2591 751 2656 nisi
764 2603 852 2656 trans
863 2611 954 2656 mare
965 2589 1070 2652 absint
1084 2588 1165 2674 scip.
1177 2599 1277 2654 caussa,

266 2687 427 2780 siquidem
449 2698 528 2750 tunc
552 2693 585 2748 et
606 2691 786 2768 susceptam
807 2680 943 2744 tutelam
966 2677 1146 2765 deponunt.
1165 2677 1210 2738 lta
1224 2670 1277 2733 haec

267 2780 417 2848 doctrina
432 2774 626 2866 proponitur
637 2769 671 2836 in
684 2771 712 2854 5.
727 2791 766 2850 2,
780 2770 870 2834 [nat.
886 2769 919 2832 b.
935 2777 959 2830 t.
978 2767 1001 2830 l.
1019 2788 1076 2846 ro,
1090 2787 1149 2854 pr.
1165 2773 1197 2826 et
1208 2761 1235 2844 5.
1247 2777 1276 2830 2,
1315 2759 1316 2783 ¹

259 2858 609 2962 ffieod.l.st,5.2,
628 2862 650 2924 t.
669 2854 877 2945 12,5.1.ff.
899 2856 943 2922 de
962 2855 1087 2920 minor.
1110 2851 1173 2917 Sed
1191 2852 1278 2914 cessat
1315 2853 1316 2856 ’

270 2971 334 3030 troc
351 2954 580 3050 privilegium,
605 2947 651 3036 (1)
666 2948 690 3012 si
704 2941 918 3012 finito'officio
932 2944 1051 3008 diutius
1062 2942 1183 3021 absint,
1197 2953 1277 3023 quan

272 3075 333 3144 par
344 3060 408 3127 est,
423 3069 452 3112 c.
470 3068 502 3132 g.
515 3043 541 3107 si
560 3038 731 3128 voluptatis
739 3049 774 3102 et
785 3034 886 3100 animi
896 3055 1005 3098 caussa
1018 3054 1076 3121 per
1089 3031 1191 3114 varias
1200 3038 1279 3088 tenu
1315 3053 1318 3112 3

272 3142 434 3208 oberrent.
451 3135 497 3224 (a)
515 3131 551 3198 Si
565 3129 697 3218 quidem
710 3125 857 3192 obtentui
872 3135 1003 3190 sumant
1014 3119 1279 3211 aipubticaeemo-
1315 3119 1318 3202 5

272 3231 478 3308 lamentum,
493 3223 548 3288 sed
561 3240 674 3285 revera
692 3215 741 3281 sui
761 3213 927 3280 commodi
947 3234 1056 3278 caussa
1076 3209 1188 3274 absint.
1208 3201 1280 3268 Scle-
1317 3225 1318 3252 ³

273 3319 354 3385 bant
368 3317 456 3384 enim
469 3319 590 3380 veteres
602 3309 638 3374 in
654 3305 780 3395 republ.
796 3305 896 3370 Rom.
913 3303 938 3368 si
956 3301 991 3366 in
1009 3297 1174 3390 provincia
1192 3291 1279 3377 aliqua

274 3409 335 3476 sibi
357 3405 527 3492 negotium
548 3410 645 3480 essct,
666 3396 809 3462 liberam
831 3393 1035 3480 legationem
1049 3389 1245 3476 impetrare,
1259 3384 1280 3438 et

276 3511 355 3564 tuno
369 3489 654 3585 proficiscebantur
668 3483 727 3548 sub
742 3483 904 3549 schemate
915 3481 1116 3568 legatorum,
1127 3473 1179 3540 ssd
1188 3483 1279 3536 revera

277 3587 327 3653 sni
339 3571 505 3650 commodi
516 3599 636 3643 caussa.
650 3573 738 3638 Nam
750 3573 843 3638 istam
855 3571 1038 3656 legatorum
1047 3580 1214 3656 personam
1224 3568 1279 3652 tan·
1315 3579 1318 3646 5

250 3753 251 3760 ἵ
276 3691 350 3742 tunt
365 3674 436 3740 ideo
451 3665 690 3744 adsciscebant,
709 3674 747 3726 ut
763 3672 855 3728 tanto
871 3657 1068 3724 reverentius
1083 3653 1197 3737 ubique
1213 3663 1279 3710 rect·
1315 3651 1318 3674 “

278 3773 455 3858 parentur,
476 3772 648 3844 tamquam
662 3775 739 3842 pop.
756 3752 856 3818 Rom.
872 3747 979 3834 legati.
994 3742 1190 3832 Exemplum
1205 3731 1279 3798 habas

276 3853 365 3946 apud
378 3851 530 3921 Ciceron.
542 3846 656 3932 Epist.
668 3839 839 3928 adfitmil.
852 3837 912 3904 lib.
924 3837 985 3904 XI
992 3885 1004 3917 ,
1016 3859 1067 3923 ep.
1083 3856 1111 3912 t,
1131 3827 1186 3918 lib·
1196 3817 1278 3892 ΧΠ,
1315 3911 1316 3916 ¹

279 3969 330 4036 ep.
343 3937 382 4012 'at
390 3993 400 4032 ,
418 3950 451 4008 st
467 3937 515 4007 ad
529 3935 637 4006 Auis.
656 3931 715 4012 tit.
729 3931 791 4012 II,
804 3951 855 4018 ep·
868 3925 903 4025 ,4‘
916 3927 1012 3996 'rates
1025 3933 1133 3992 autem
1145 3935 1207 3983 non
1219 3926 1279 3997 gau·
1315 3917 1316 3986 t
