2756 4504
369 413 444 495 na
474 404 841 486 usurrucru.
882 409 884 414 ·
1053 389 1116 494 ⁵91

416 595 447 678 s.
475 591 786 680 ccccxvrrr.
893 646 897 654 .

136 749 246 819 Facile
260 753 357 820 etiam
367 756 436 840 jam
456 743 682 844 intelligimus,
695 781 737 822 au
749 768 781 822 et
797 765 955 844 quatenus
967 749 1121 816 usufruc-

89 842 217 905 tuarius
233 843 272 908 de
290 867 335 913 re,
348 839 459 911 libere(
469 847 638 934 disponere
660 847 780 936 pasis?
805 845 904 934 Rasp.
928 840 1121 940 Secundum

89 928 313 997 definitionem
330 945 474 999 nostram
495 933 859 1000 utendum-fruendum
880 943 926 997 est
948 931 1046 996 sulcu
1070 922 1149 1018 recl

88 1019 288 1101 substantia
304 1048 315 1085 .·
329 1045 397 1088 non
411 1036 519 1088 autem
539 1023 713 1088 substantia
736 1025 823 1088 salva
842 1043 973 1100 manet,
995 1019 1020 1111 si
1040 1015 1121 1106 quid

87 1105 128 1170 in
148 1105 253 1172 forma
271 1110 318 1174 rei
334 1123 490 1178 mutatur.
505 1113 593 1198 Ergo
612 1119 656 1177 1⁰.
671 1115 833 1200 sequitur,
849 1121 939 1176 utne
955 1109 989 1172 in
1006 1105 1121 1172 melio·

85 1215 165 1259 rem
183 1196 314 1283 quidem
328 1212 448 1266 statum
461 1201 605 1288 redigere
625 1199 722 1290 possit
736 1198 1009 1278 asub-actuarius,
1026 1197 1047 1261 l.
1063 1197 1119 1272 13,

89 1283 125 1368 §.
137 1289 217 1370 pen.
242 1285 265 1351 l.
288 1285 359 1368 44,
370 1289 418 1378 ff.
441 1291 474 1354 b.
498 1301 521 1355 t.
545 1289 633 1356 Hinc
655 1313 684 1354 e.
707 1311 740 1376 g.
761 1312 803 1354 ex
823 1287 922 1376 pratis
941 1289 975 1352 in
990 1285 1119 1374 «praedio

85 1371 273 1440 fructuario
287 1399 354 1442 non
374 1389 477 1466 potest
498 1376 601 1442 facere
623 1399 716 1465 agros
736 1379 862 1456 cultos,
884 1399 926 1440 ex
947 1375 1032 1459 agris
1051 1395 1121 1438 non

87 1472 199 1616 potest
213 1462 317 1532 facere
337 1466 538 1555 piscinas,in
561 1467 682 1531 aedibus
704 1489 746 1530 ex
768 1466 903 1530 taberna
925 1487 993 1528 non
1016 1472 1121 1550 potest

104 1572 197 1630 acere
211 1553 399 1620 cubiculum
413 1604 422 1636 ,
435 1555 643 1642 quantumvis
664 1555 698 1620 id
716 1554 794 1620 utile
809 1553 956 1630 videatur
969 1549 1120 1624 futurum

86 1639 323 1794 proprietario.
341 1645 394 1708 Ex
408 1645 521 1709 eodem
536 1666 614 1712 vero
630 1644 811 1734 principio,
833 1642 921 1730 quod
939 1639 1124 1736 utendum-¹

124 1729 269 1795 uendum
287 1733 373 1798 salva
393 1733 441 1798 rei
459 1733 631 1820 substantia
645 1782 653 1810 ,
669 1733 812 1820 sequitur
837 1733 890 1797 2⁰.
910 1728 1119 1793 usufructua-

82 1817 181 1884 rium
201 1821 303 1885 teneri
325 1824 367 1887 ad
383 1820 591 1888 refectionem
608 1822 666 1887 rei.
691 1824 774 1886 Sane
794 1821 820 1884 si
841 1820 912 1907 quis
932 1814 1121 1882 usumfruc-

89 1918 166 1970 tum
186 1907 318 1974 haberet
339 1911 374 1998 ip
394 1911 535 1990 sedibus,
551 1934 619 1977 non
637 1911 725 1976 salva
740 1931 893 1975 mansura
908 1919 984 1972 esset
999 1907 1120 1971 aedium

88 1995 285 2079 substantia,
302 1999 363 2064 nisi
381 2000 571 2088 quantocius
592 2000 814 2068 reficerentur.
833 2001 922 2084 Ergo
937 2006 1065 2060 tenetur
1077 1995 1121 2060 ud

90 2082 320 2170 refectionem,
337 2088 360 2152 l.
371 2093 416 2174 7,
433 2089 464 2174 §ss
480 2110 500 2154 2
510 2138 523 2169 ,
536 2091 573 2170 3,
578 2087 626 2178 ff
647 2089 718 2154 eod.
735 2089 797 2154 Sed
819 2100 928 2152 tamen
947 2085 980 2150 id
996 2083 1120 2150 iutelli-

1147 1287 1151 1298 t

89 2174 296 2260 gendumssde
316 2176 488 2243 relectione
510 2179 638 2244 modica
664 2178 705 2242 ob
733 2189 924 2266 praesentem
947 2173 1126 2241 fructuum·
1169 2227 1171 2232 .

32 2333 43 2346 ,ι
88 2264 328 2346 necessitatem,
343 2289 404 2332 ceu
422 2267 457 2332 in
474 2267 536 2334 hac
549 2269 616 2356 ipsa
631 2268 701 2352 lege
718 2267 847 2331 dicitur.
862 2266 951 2331 Hinc
968 2265 994 2330 si
1006 2263 1121 2328 admo·
1191 2291 1193 2298 r

89 2351 173 2416 dum
187 2352 324 2419 ruinosae
345 2367 447 2421 essent
467 2357 573 2436 cedes,
593 2369 625 2421 et
644 2358 711 2420 sine
733 2355 887 2434 maxiluis
908 2352 1060 2443 impbusis
1082 2352 1118 2418 in

88 2439 258 2527 integrum
270 2443 395 2510 restitui
415 2467 483 2510 non
504 2457 651 2534 possent,
666 2445 739 2526 istas
759 2446 919 2535 impensas
932 2443 1122 2534 proprieta-¹

88 2529 158 2596 rius
178 2527 286 2596 ferret.
310 2533 417 2598 Porro
438 2535 485 2601 3⁰.
513 2534 588 2599 inde
612 2533 815 2619 colligimus,
840 2531 1118 2598 usufructuarium

90 2615 224 2684 uti-frui
239 2619 354 2687 debere
372 2634 542 2712 tamquam
562 2624 686 2688 bonum
703 2619 978 2711 patremfamilias.
1011 2622 1041 2686 Is
1060 2621 1139 2714 au-l

89 2719 160 2773 tem
179 2730 228 2774 res
247 2711 367 2776 utendo
381 2735 449 2776 nou
465 2712 589 2802 perdit,
602 2713 675 2793 sed,
691 2711 717 2777 si
732 2711 809 2799 quid
824 2711 963 2776 deterius
976 2709 1098 2774 factum
1107 2758 1118 2790 ‚
1232 2782 1235 2790 ¹

88 2793 200 2862 statim
225 2801 374 2866 restituit.
397 2803 486 2887 Ergo
517 2801 604 2865 idem
629 2813 675 2865 est
699 2800 935 2869 usufructuarii¹
958 2797 1143 2866 officium..

87 2887 180 2953 Hinc
195 2887 225 2952 si
237 2887 476 2954 usumfructum
499 2889 603 2976 gregis
616 2889 731 2968 habet,
746 2889 781 2953 in
800 2890 913 2959 locum
926 2889 1121 2952 demortuu—
1215 2901 1216 2904 ’

88 2997 168 3040 rum
182 2977 329 3065 capitum
342 2979 404 3042 ulia
420 3000 462 3042 ex
476 2975 558 3042 foetu
573 2978 757 3042 submittit:
778 2978 812 3042 iu
826 2979 942 3057 vinae,
959 2975 1120 3042 inlocum

88 3063 337 3132 demortuarum
361 3067 475 3132 vitium
495 3067 574 3132 alias
587 3069 723 3156 plantat.
744 3065 784 3131 L.
800 3069 866 3144 38,
881 3067 971 3130 [nat.
990 3065 1032 3129 de
1050 3088 1123 3130 rer.

88 3153 191 3221 divis.
213 3155 289 3221 Alia
315 3157 465 3243 exempla
489 3155 529 3220 de
550 3157 742 3242 mancipiis,
764 3154 959 3220 vestimentis
984 3154 1119 3242 aliisque

87 3241 245 3307 similibus
259 3243 354 3309 rebus
369 3267 460 3310 more
474 3243 551 3316 boni
565 3243 800 3332 patrisfamilias
820 3243 946 3308 utendis
964 3242 1062 3308 habes
1080 3245 1126 3316 ,iu¹

88 3331 113 3398 l·
132 3335 182 3410 15,
198 3333 229 3417 ξ.
245 3356 274 3411 ι,
278 3331 326 3421 ff
334 3333 368 3398 li.
380 3345 403 3402 t.
414 3333 565 3421 Denique
575 3356 617 3399 ex
629 3335 743 3398 eodem
756 3325 987 3414 fundamento,
999 3332 1046 3397 4⁰.
1059 3357 1122 3437 pa·
1189 3423 1192 3428 Ι
1228 3395 1230 3400 .

87 3429 154 3501 tet,
169 3419 444 3488 usufructuarium
462 3428 613 3511 praestare
632 3423 747 3488 debere
767 3422 952 3488 cautionem
967 3445 1120 3511 proprie*
1308 3446 1311 3454 '

86 3511 184 3579 tertia.
202 3511 323 3595 Quum
340 3511 429 3581 enim
448 3511 525 3592 huic
545 3512 633 3576 salva
647 3534 711 3576 esse
732 3512 844 3580 debeat
859 3513 904 3576 rei
919 3503 1123 3596 substantia,

85 3601 120 3691 §-
143 3598 231 3680 416,
253 3619 327 3664 eam
347 3609 458 3669 autem
477 3601 602 3664 salvam
622 3599 690 3664 fore
712 3613 819 3665 certus
841 3623 904 3666 esse
929 3623 998 3664 non
1020 3601 1118 3692 possit

76 3683 150 3756 'nisi
162 3688 309 3777 praestita
319 3689 468 3753 cautione
483 3714 492 3752 z
507 3710 621 3756 cavere
634 3711 709 3754 sane
729 3689 824 3754 debet
838 3687 1123 3771 usufructuarius,

85 3776 269 3864 etquidem
284 3777 364 3846 datis
377 3777 632 3869 fidejussoribus,
655 3787 694 3842 1⁰.
713 3801 746 3842 se
763 3799 918 3858 usurum,
938 3777 1117 3844 fruiturum

85 3867 168 3930 boui
188 3866 249 3931 viri
275 3866 450 3945 arbitratum
478 3873 522 3930 2⁰.
544 3889 576 3931 se
599 3865 690 3938 finito
710 3865 879 3931 usufructu
902 3889 972 3931 rem
994 3868 1123 3932 salvam

86 3954 422 4040 restitueremur,
432 3953 479 4052 ff.
494 3954 604 4047 usust·
622 3957 782 4046 quemad.
803 3980 896 4111 cuv·E
908 3957 989 4110 lllapc
1011 3964 1119 4024 cautio

161 4061 165 4070 ’
323 4061 326 4068 ’
897 4075 901 4092 =
916 4067 928 4106 i
