2710 4504
29 43 35 156 t

29 209 33 280 t

262 273 333 344 Dii
359 275 495 348 JURE
520 278 922 350 PERSONARUM.
1038 273 1101 344 ul

29 413 30 472 3
101 379 199 467 Quom
214 395 320 450 autem
342 411 425 478 sirpe
448 389 635 478 contingere
655 390 752 482 pouit
776 401 814 455 ut
829 383 936 456 veroa
951 399 1103 454 noscatur

29 508 30 563 3
100 491 134 534 ex
151 470 223 538 Titii
242 497 334 542 servo
354 491 386 542 et
410 477 516 546 Movit
533 481 673 561 ancilla,
696 481 876 568 quaeritur,
898 479 979 544 Titii
994 499 1036 542 ne
1057 497 1103 541 an

28 599 32 657 '.
98 560 192 626 Marii
203 563 243 628 rit
255 585 354 630 verna
365 567 382 632 ἲ
394 581 426 633 et
440 568 539 658 Reap.
563 569 684 636 Maevii.
700 570 827 656 Regula
843 569 931 634 enim
949 568 1019 632 haec
1041 585 1102 650 ge-

28 659 33 752 l
98 652 196 716 caralis
219 653 320 718 estin
343 657 417 744 jure
439 671 577 725 nostro:
597 671 722 746 portur
744 659 899 747 requitur
923 667 1076 757 venerem
1088 699 1103 732 ,

27 815 35 878 t
95 738 359 900 lt'trl't'ttlt
373 743 1105 927 tttltttllssttlt¹tl¹tt‘ttttlllt

28 937 32 1009 t
95 927 121 981 et
138 939 228 985 verna
242 945 284 988 ex
304 925 492 1016 Titiipervo
506 938 538 992 et
551 927 662 993 Mrerii
676 927 792 992 ancilla
808 937 912 1002 natur.
932 923 1034 988 Aliud
1048 921 1102 986 di·

28 1024 32 1087 i
95 1006 429 1100 ⁰ffld11m,oiquaestio
444 1025 490 1082 eat
511 1015 550 1082 de
569 1017 753 1082 conditione
773 1013 843 1080 filii.
859 1013 949 1078 Nam
966 1023 1046 1088 tunc
1067 1011 1102 1078 in

28 1098 32 1162 l
94 1101 478 1188 matrimoniojuatofilius
488 1085 863 1194 sequiturcondilionem
878 1102 1104 1194 patris,extra

28 1244 29 1255 ,
93 1189 327 1256 matrimonium
344 1194 563 1260 conditionem
578 1196 699 1261 matria.
719 1195 755 1260 Ε.
772 1215 804 1281 g.
820 1193 855 1258 si
869 1201 1021 1282 pater'eet
1036 1213 1101 1255 no-

27 1309 32 1391 ἷ
94 1272 298 1357 bilia‚·rnater
319 1283 467 1371 plebeia,
492 1283 674 1372 et'juatum
697 1284 782 1349 inter
807 1305 860 1348 eas
884 1301 1036 1371 personas
1057 1289 1104 1345 eat

92 1366 346 1453 matrimonium,
361 1372 454 1439 liberi
468 1387 544 1440 aunt
556 1374 688 1440 nobiles.
704 1373 762 1438 Sin
776 1371 892 1437 nobilis
905 1393 976 1436 rem
988 1369 1104 1434 habuit

27 1467 31 1589 p
94 1475 158 1526 cum
178 1457 303 1546 plebeia
318 1472 412 1527 extra
431 1463 702 1545 matrimonium,
717 1461 809 1528 liberi
825 1460 927 1550 spurii
939 1473 1015 1525 sunt
1033 1460 1105 1548 ple·

27 1602 28 1641 p
92 1542 152 1612 beit
172 1547 264 1614 Inter
278 1549 442 1641 principes
460 1552 494 1618 id
510 1553 671 1641 singulare
691 1564 737 1618 ert
748 1601 757 1634 ,
781 1551 870 1639 quod
889 1571 931 1615 ex
954 1549 1103 1638 principe

92 1637 194 1700 marito
212 1645 245 1702 et
267 1659 373 1706 uxore
395 1641 517 1730 plebeia
540 1644 592 1708 vel
616 1641 718 1708 nobili
738 1663 807 1706 non
830 1649 982 1704 nascatur
1003 1637 1103 1726 prin-

91 1745 152 1812 cepe
161 1775 170 1807 ‚
188 1726 249 1790 nisi
267 1740 373 1794 mater
386 1729 426 1796 ad
442 1730 633 1818 dignitatem
649 1730 866 1822 principalem
880 1739 989 1794 evecta
1005 1726 1045 1792 sit
1062 1726 1103 1790 ab

26 1815 30 1903 l
91 1811 282 1902 imperatore.
301 1817 401 1904 Cujus
417 1821 463 1886 rei
477 1843 584 1911 nuper
598 1822 789 1911 exemplum
807 1819 948 1885 vidimus
968 1816 1104 1881 induce

26 1925 27 1931 ¹
91 1899 731 1999 wurtembergicc-Mompelgardensi‚
752 1908 809 1996 qui
831 1927 873 1972 ex
896 1903 1105 2057 nobiliv'prusta

25 2016 29 2089 ξ
90 2012 179 2060 uxore
188 1996 362 2062 sustulerat
374 1997 500 2079 filium,
516 2021 615 2086 quem
629 1997 767 2063 vocabat
782 1996 979 2062 nonducem
1049 2015 1106 2056 ur·
1146 2020 1172 2032 ·’

90 2083 335 2172 tembergicum,
359 2087 414 2152 aed
440 2089 593 2154 comitem
617 2088 658 2153 de
680 2088 824 2176 Sponek.
849 2086 984 2152 Mortuo
1010 2091 1104 2173 patre

25 2181 26 2255 t
89 2168 210 2240 hicnon
228 2175 401 2242 succedere
421 2183 547 2265 poterat
569 2179 605 2244 in
627 2176 838 2268 principatu,
862 2174 916 2240 sed
936 2183 1002 2240 lota
1023 2193 1105 2262 pro-.

25 2260 30 2351 l
89 2258 180 2328 vincia
208 2263 445 2331 devolvebatur
469 2268 512 2332 ad
537 2279 696 2354 agnatum
721 2265 950 2356 proximum,
985 2263 1105 2329 ducem

24 2410 29 2470 ε
88 2345 332 2440 Wurtemberg.
348 2366 525 2442 regentem.

23 2477 28 2626 l
171 2484 174 2497 ’
338 2605 360 2678 5
445 2523 732 2612 §.Lxxxm

23 2709 27 2754 t
122 2685 168 2752 lta
184 2687 273 2756 aerei
293 2698 485 2754 nascuntur.
504 2687 615 2756 iidem
621 2683 727 2778 fiunt
740 2685 939 2778 aliqnando,
955 2688 1106 2792 quamvis

23 2779 28 2853 ἒ,
86 2773 166 2841 liberi
178 2780 244 2844 rint
258 2777 328 2842 nati
340 2801 351 2858 ς
363 2775 398 2842 id
411 2777 500 2866 quod
514 2777 552 2843 fit
571 2779 623 2844 vel
641 2779 715 2863 jure
734 2780 884 2866 gentium
898 2778 950 2844 vel
963 2799 1037 2863 pure
1055 2777 1104 2843 ci·

23 2856 28 2930 l
85 2864 143 2931 vili·
168 2868 257 2934 Iure
282 2863 448 2934 Gentium
470 2889 530 2957 per
552 2867 798 2957 captivitatem
819 2887 933 2934 omnes
952 2867 1040 2932 enim
1061 2866 1102 2932 ab
1173 2893 1182 2902 ’

40 3005 42 3014 .
85 2951 164 3020 horte
177 2955 267 3046 capti
280 2955 363 3021 servi
377 2955 515 3037 fiebant,
531 2956 765 3060 cujuscumque
779 2968 882 3022 emant
896 2955 1101 3021 conditionis.

84 3041 277 3136 Exemplum
293 3043 455 3112 habemur
470 3045 579 3110 Attilir
596 3045 736 3132 Reguli,
759 3045 857 3112 Cone.
870 3043 1013 3112 Romani
1024 3093 1033 3120 ‚
1046 3044 1104 3133 qui

85 3129 159 3200 bello
179 3135 309 3202 Punico
329 3135 368 3216 1,
392 3145 506 3226 captus
529 3158 548 3199 a
577 3135 883 3222 Carthaginensibus
904 3135 937 3200 in
960 3133 1103 3200 tristiasi-

84 3240 164 3287 mam
182 3223 391 3312 redigebatur
409 3223 620 3305 servitutem,
638 3237 669 3290 et
686 3226 821 3290 demum
839 3225 954 3290 mirere
973 3224 1107 3312 orucia-¹

84 3319 128 3376 tus
144 3313 282 3402 peribat.
296 3313 385 3380 Flor.
401 3313 499 3380 Hiat-
513 3314 616 3380 Rom.
632 3314 654 3378 l.
671 3314 736 3392 11,
752 3321 780 3379 o}
796 3313 860 3394 II,
874 3313 905 3399 9.
921 3313 976 3379 23.
992 3313 1103 3378 Nimi-

83 3421 151 3466 rum
166 3403 211 3468 ita
232 3401 510 3468 ratiocinabantur
532 3415 652 3468 veteres
669 3431 677 3468 ε
696 3405 812 3468 Hortos
832 3423 1002 3493 possumus
1015 3401 1115 3468 occi-.
1187 3415 1198 3438 ·

84 3487 171 3568 dere,
190 3513 358 3578 possumus
373 3513 451 3579 ergo
464 3491 608 3580 redigere
626 3491 662 3559 in
681 3492 892 3573 servitutem,
908 3492 976 3557 imo
991 3491 1025 3558 id
1040 3512 1102 3582 pro

84 3573 231 3646 beneficio
244 3583 322 3670 erit,
337 3603 441 3668 quum
459 3601 498 3647 eo
511 3583 581 3670 ipso
596 3603 759 3649 servemur
767 3632 778 3665 ,
792 3603 874 3672 quos
889 3581 1115 3672 potuimemrra

22 3705 23 3742 3
84 3664 278 3752 interficere3
303 3671 446 3736 undeet
473 3693 586 3738 servor
614 3672 774 3739 vocabant
805 3673 894 3760 quasi
925 3682 1077 3738 servator
1088 3719 1100 3750 ,

22 3749 24 3820 l
85 3760 252 3846 mancipio
275 3760 365 3848 quasi
391 3772 604 3847 manucapta
614 3811 627 3843 ,
647 3763 678 3847 §.
700 3764 748 3842 3,
773 3760 862 3828 Inrt.
887 3762 921 3828 h.
942 3772 966 3826 t.
993 3757 1101 3824 Hodie

85 3841 162 3916 bello
186 3849 272 3943 capti
294 3871 362 3918 nou
383 3849 468 3918 fiunt
490 3849 599 3936 servi,¹
620 3850 676 3934 sed
698 3860 828 3920 tantum
853 3846 1102 3930 custodiuntur,
