2644 4504
239 385 306 458 522
530 391 701 458 LIBER
723 391 786 474 11,
812 391 920 458 TIT.
949 391 979 459 1.

620 555 651 639 ς.
675 551 884 620 cccxiii.

281 723 370 789 Hinc
384 721 476 788 facile
490 721 681 810 intelligitur
701 723 810 812 prima
828 743 940 788 rerum
962 723 1087 790 divisio.
1109 722 1191 790 Aliae
1209 747 1252 790 ras

238 825 314 879 sunt
328 813 454 891 diuini,
467 811 538 876 aliae
550 813 810 900 humanijuris.
825 813 985 899 Quamvis
999 815 1088 879 enim
1101 835 1150 879 res
1162 814 1254 879 divini
1312 809 1313 868 ἶ

234 903 318 992 juris
335 902 398 966 sint
416 901 452 966 in
470 901 590 966 nullius
609 901 826 991 patrimonio,
851 914 961 966 tamen
982 905 1058 990 quia
1076 904 1212 968 existunt
1226 915 1254 968 et

237 1014 334 1056 usum
345 1002 498 1080 praestant
508 989 713 1072 hominibus,
726 1014 779 1056 res
789 1001 877 1056 recte
889 1003 1049 1058 vocantur
1056 1014 1144 1073 ,non
1154 1005 1254 1057 autem
1312 1039 1313 1050 ,

236 1083 387 1171 pecunia.
413 1080 579 1144 Dicuntur
602 1091 713 1145 autem
738 1105 790 1146 rea
811 1080 1052 1168 divinijuris,
1074 1104 1146 1169 quae
1169 1082 1255 1146 veluti

236 1169 382 1234 dominio
402 1169 576 1234 hominum
594 1181 750 1250 exemtae,
769 1180 802 1233 et
823 1172 901 1234 Dec'
916 1171 1081 1236 attributae
1103 1183 1135 1236 et
1153 1171 1254 1236 dicata

235 1270 322 1324 sunt.
336 1259 386 1323 Ita
397 1259 486 1324 enim
497 1281 567 1324 rem
579 1257 638 1322 sibi
650 1255 877 1346 concipiebant
889 1259 1040 1345 gentiles,
1055 1261 1142 1327 itaet
1154 1259 1254 1324 Chris-

234 1349 315 1413 tiani
337 1359 485 1437 tempore
506 1347 705 1426 Justiniaui3
726 1347 819 1434 quasi
842 1369 911 1412 non
930 1350 1041 1412 omnia
1062 1351 1126 1414 sint
1150 1349 1183 1414 in
1200 1348 1252 1414 Dei

235 1437 392 1501 dominio.
420 1438 491 1503 Res
516 1438 663 1502 lsumnni
671 1437 770 1522 juria
794 1447 905 1502 autern
932 1437 1113 1518 vocabant,
1135 1461 1204 1525 quae
1224 1437 1252 1500 in

235 1527 381 1592 dominio
394 1538 426 1590 et
439 1526 636 1590 commercio
651 1525 827 1590 hominum
840 1537 934 1605 sunt,
953 1544 982 1591 e.
1004 1547 1038 1613 g.
1054 1549 1165 1614 agros,
1182 1548 1253 1615 pra·

234 1616 303 1694 dia,
323 1615 562 1702 quadrupedes,
585 1626 646 1678 etc.
674 1615 777 1694 Porro
800 1638 852 1679 res
876 1614 987 1679 divini
1001 1617 1100 1700 juris
1122 1615 1252 1680 subdivi-

210 1774 214 1781 ,
234 1701 359 1770 duntur
370 1707 404 1769 in
414 1727 529 1769 sacras
535 1753 548 1785 ,
560 1705 740 1793 religiosas
748 1713 780 1768 et
791 1713 940 1784 sanctas.
952 1704 1013 1768 Sed
1022 1708 1147 1769 sanctas
1157 1715 1251 1769 tamen

207 1867 209 1872 ,
236 1865 240 1872 ⁸
258 1794 489 1860 uodammouo
505 1804 635 1856 tantum
648 1792 751 1858 divini
760 1791 840 1874 jruis
851 1813 915 1856 esse
928 1803 1064 1860 testatur
1075 1795 1099 1859 l.
1116 1817 1129 1859 ι
1135 1844 1147 1875 ,
1157 1817 1209 1882 pr.
1213 1789 1252 1882 ff

143 1924 155 1964 :i
232 1818 267 1949 Z
293 1895 316 1948 t.
339 1907 407 1954 usn
428 1882 649 1968 omnimodo.
673 1883 764 1959 Nam
785 1903 834 1945 res
852 1893 991 1962 sanctas,
1009 1885 1057 1947 uti
1071 1883 1251 1973 paullcpost

224 1967 432 2053 uidebimus,
448 1983 542 2036 erant
555 1971 645 2035 muri
658 1983 690 2034 'et
704 1973 808 2059 portae
823 1970 966 2035 urbium.
982 1971 1067 2058 Quis
1079 1993 1155 2038 vero
1166 1993 1251 2056 nega-

148 2127 150 2134 ,
230 2064 331 2143 uerit,
344 2083 457 2126 muros
467 2073 499 2125 et
509 2073 620 2214 portas
632 2059 764 2148 urbium
775 2081 840 2124 esse
851 2059 887 2123 in
898 2056 1045 2126 dominic
1056 2059 1253 2150 reipublicae?

232 2151 321 2238 Quin
338 2155 449 2228 tanipn
463 2151 494 2214 e't
531 2149 612 2214 iiset
624 2147 775 2217 heroibus
784 2145 1025 2234 dedicabantur·
1033 2152 1156 2216 moenia
1166 2201 1176 2232 ‚
1187 2149 1251 2215 inde

143 2313 145 2317 ,
195 2237 198 2244 ’
231 2239 479 2328 quodammodo
490 2239 593 2324 divini
601 2237 683 2325 juris
697 2241 760 2324 esse
771 2235 973 2304 dicebantur.
983 2237 1209 2328 'Unusquisque
1218 2255 1252 2302 ex

226 2331 438 2416 ‘sequentibus
449 2327 689 2408 definitionibus
703 2326 957 2409 animadvertet,
973 2328 1033 2393 has
1047 2329 1169 2418 primas
1179 2327 1253 2393 diri·

229 2419 337 2497 ,sjouas
346 2412 608 2506 superstitionem
623 2436 785 2506 paganam
801 2438 923 2505 saperet
941 2419 982 2481 Et
995 2429 1108 2484 tamen
1123 2441 1174 2484 eas
1187 2413 1253 2483 reti-
1305 2420 1311 2507 ’ᾗ

83 2575 86 2582 ,
145 2581 146 2585 ¹
231 2509 307 2574 nuit
332 2507 550 2586 Justinianus,
575 2507 754 2595 imperatur
783 2505 1000 2572 Christianus.
1032 2507 1136 2593 Quod
1166 2527 1255 2592 argu·

232 2597 433 2675 meritoest,
449 2596 522 2686 jam
532 2595 536 2634 ³
544 2617 583 2660 eo
605 2608 770 2683 tempore,
790 2607 870 2684 puta
891 2611 963 2660 saec.
984 2597 1049 2662 Vt.
1070 2595 1255 2661 Christianos

134 2697 152 2783 ὲ
231 2677 251 2752 e
279 2675 470 2774 paganismo
489 2683 592 2750 multa
611 2686 765 2773 adoptare
783 2685 925 2772 coepisse.
946 2679 1081 2774 Scripsit
1100 2685 1256 2750 Juriscon·

233 2775 336 2842 aultus
354 2773 566 2856 Rintelensis5
588 2773 991 2862 Kae'stuertu,'eiegantem
1013 2775 1254 2840 dissertationem

235 2863 277 2930 da
281 2865 567 2952 jurisprudentia
580 2864 840 2952 paganissima,
858 2885 923 2952 qua
941 2865 975 2930 id
993 2865 1102 2955 ipsum
1121 2863 1256 2953 pluribus

234 2954 438 3040 argumentis
449 2951 695 3019 demonstrauit.

364 3131 387 3166 ,·
584 3069 889 3200 ¹§.sacratu
974 3084 977 3094 “

245 3278 250 3290 ·
280 3257 357 3323 Jam
372 3257 417 3321 de
439 3254 582 3342 singulis.
610 3253 734 3320 Sacrae
750 3253 912 3319 vocabant
933 3278 982 3321 res
1003 3256 1133 3345 publice
1157 3272 1255 3319 conse·

134 3343 135 3346 '
235 3355 341 3411 dratas
359 3339 421 3410 ‘diis
431 3345 559 3433 superis
571 3367 591 3409 a
603 3342 808 3434 pontificibus
823 3344 875 3409 vel
888 3337 1054 3434 principe,
1070 3347 1100 3431 5.
1112 3367 1137 3430 9
1144 3393 1155 3426 ‚
1173 3342 1253 3408 Insa.

236 3437 260 3501 l.
274 3437 307 3514 6,
318 3436 350 3520 5.
361 3437 384 3498 3
392 3433 442 3512 ,'l.
453 3435 497 3518 9!
511 3433 541 3518 5.
557 3436 583 3499 3
586 3482 597 3514 ,
601 3457 660 3521 pr.
672 3449 761 3520 seqq.
764 3427 812 3522 ff
823 3433 857 3496 ὴ.
871 3443 894 3498 t.
907 3435 1146 3522 Requirebatur
1156 3431 1253 3516 itaque

180 3549 212 3574 *a
236 3540 283 3590 ·1.⁰.
297 3519 536 3600 'Consecratim
559 3543 632 3610 quae
650 3523 761 3586 multis
777 3521 889 3587 ritibus
910 3535 942 3587 et
964 3519 1155 3588 cae'rimoniis
1172 3539 1252 3610 pera3

143 3633 153 3673 ’.
261 3613 391 3689 ebatur,
406 3633 486 3698 quas
509 3611 734 3700 descripsimus
753 3611 788 3675 in
809 3614 931 3700 Anttq.
954 3611 1042 3680 nest.
1064 3611 1163 3677 Rom.
1186 3609 1215 3672 u.
1230 3613 1249 3668 t.

189 3771 191 3777 ,
238 3635 384 3784 itpmani
402 3699 499 3769 euim,
512 3701 704 3787 credebaut,
721 3701 795 3764 deos
809 3699 942 3766 delubra
957 3721 1014 3767 sua
1034 3723 1109 3770 vere
1132 3691 1248 3762 inhabi·

132 3800 135 3806 “
238 3806 330 3876 tare,¹
353 3789 386 3856 et'
404 3789 482 3855 hinc
499 3811 553 3856 eos
567 3791 662 3856 variis
675 3791 838 3858 ritibuset
855 3789 1016 3856 sacrificiis
1030 3784 1068 3856 e'c
1083 3786 1246 3860 vocabant,
1306 3793 1307 3801 ’

115 3933 118 3951 .
168 3923 219 3946 ω».
238 3895 271 3950 et
289 3883 391 3950 veluti
412 3881 623 3947 includebant
644 3881 785 3970 templis.
811 3895 855 3945 2⁰.
878 3881 1156 3947 Consecratiunem
1173 3875 1244 3938 hanc

125 3991 137 3999 “’
160 4003 165 4014 ·
190 3974 372 4086 {publice
385 3971 455 4044 fieri
469 3973 648 4066 oportebat.
661 3973 1072 4065 Namcmnesrespublieae
1085 3957 1249 4044 veteresvel
