2644 4504
152 345 214 416 DE
228 344 469 414 SATISDAT.
482 343 658 414 TUTOR.
670 341 769 414 VEL
778 341 952 411 CURAT.
975 400 978 406 .
999 359 1062 430 ²97

61 453 250 540 inquisitione
264 455 352 526 dare.
368 454 403 520 Si
417 475 495 542 ergo
512 453 683 542 diligenter
703 453 737 520 in
757 475 872 520 eorum
891 471 998 518 mores
1011 449 1067 515 in·

62 541 265 627 quisiverunt,
287 567 362 610 sane
387 543 557 631 diligenter
578 555 611 608 et
630 544 694 609 fide
713 544 804 631 digni
828 541 947 634 reperti
970 549 1069 617 sunt,

63 635 81 694 l.
97 635 131 696 13
138 683 149 712 ,
165 635 195 720 §.
214 635 276 701 ult.
284 633 331 724 ff
347 633 389 698 de
406 643 469 698 tut.
485 633 556 710 dat.
573 633 609 698 Si
623 633 700 699 tales
714 633 851 723 reperti,
867 631 957 696 nulla
971 630 1070 694 ineos

60 721 133 784 cadit
146 723 293 812 suspicio.
307 724 397 810 Ergo
409 721 589 788 secundum
602 722 734 790 axioma
749 735 898 790 nostrum
910 742 976 786 non
989 739 1070 814 opus

59 824 96 874 eat
105 813 261 876 cautione.
913 845 914 848 ¹

97 900 138 963 ll.
152 899 275 967 Contra
288 897 381 966 facile
395 911 531 990 apparet
541 901 639 966 etiam
646 949 655 982 ,
667 900 725 989 qui
736 900 886 970 satisdare
899 907 1070 987 cogantur.

9 1057 10 1062 γ
61 988 177 1078 Nempe
200 989 252 1056 1⁰.
273 1012 385 1056 omnes
403 989 562 1076 legitimi,
585 991 649 1056 lad
658 1039 670 1070 ,
692 992 723 1076 5.
744 1017 756 1058 s
766 1041 777 1072 ,
784 989 832 1082 ff
856 991 898 1056 de
916 989 981 1076 leg.
1007 996 1070 1052 tut.
1113 1045 1141 1061 ,,
1189 977 1218 1054 l

9 1097 11 1168 l
60 1077 99 1150 Hi
112 1079 198 1143 enim
214 1101 274 1145 nec
288 1103 306 1144 a
320 1089 470 1144 testatore
485 1079 670 1168 eliguntur,
688 1101 749 1148 nee
761 1103 780 1146 a
795 1079 983 1166 magistratu
997 1101 1005 1140 ε
1018 1071 1072 1140 sed

9 1175 11 1244 t
59 1166 233 1234 immediate
246 1191 264 1232 a
279 1169 349 1256 lege
370 1180 550 1250 vocantur,
569 1192 638 1250 non
656 1171 745 1258 quod
759 1169 890 1258 reliquis
910 1168 973 1234 sint
997 1163 1073 1232 dili-

59 1257 230 1342 gentiores,
258 1257 312 1322 sed
339 1259 427 1344 quod
455 1257 611 1344 sanguine
634 1259 810 1348 propiores.
838 1259 927 1343 Ergo
954 1261 989 1322 in
1021 1275 1075 1320 eoa

9 1351 11 1368 ¹
61 1345 134 1410 eadit
148 1346 311 1436 suspicioa
327 1345 395 1412 imo
411 1369 450 1412 eo
468 1347 571 1434 magis
590 1347 676 1414 cadit
686 1399 695 1430 ,
719 1347 808 1435 quod
830 1358 906 1412 sunt
927 1341 1075 1436 proximi

58 1434 197 1518 heredes,
211 1448 243 1502 et
256 1436 334 1502 hine
348 1433 440 1500 facile
455 1437 665 1504 hereditatem
680 1437 798 1504 habere
814 1437 958 1515 malunt,
973 1455 1075 1524 quam

9 1611 11 1616 X
58 1538 236 1614 exspectare
252 1525 300 1612 (5.
319 1524 400 1602 218,
415 1525 515 1616 seq..)
538 1526 628 1592 Hinc
650 1527 829 1594 secundum
846 1524 977 1590 axioma
997 1545 1075 1588 nos-

57 1623 135 1678 trum
152 1613 307 1679 satisdare
320 1625 494 1700 eoguntur.
519 1623 564 1680 2⁰.
580 1615 692 1684 Datia
709 1613 946 1704 magistratibus
964 1614 1076 1680 mino·
1098 1653 1135 1674 .-

56 1702 143 1768 ribus.
160 1704 252 1768 Nam
267 1701 301 1768 hi
318 1702 507 1792 simpliciter
527 1716 648 1773 tutores
667 1706 766 1787 dant,
782 1727 850 1770 non
869 1725 947 1770 cum
966 1702 1077 1790 inqui·

56 1790 168 1858 sitione.
188 1791 277 1878 Quia
290 1811 369 1879 ergo
383 1793 428 1858 sic
444 1815 503 1860 neo
519 1792 597 1860 fides
611 1794 764 1865 datorum
782 1805 932 1860 tutorum
951 1793 1003 1859 vel
1018 1814 1078 1856 cu-

56 1892 197 1946 ratorum
219 1882 389 1970 explorata
408 1895 474 1964 est,
495 1882 573 1948 hine
592 1885 627 1950 in
642 1908 695 1950 eos
709 1884 796 1950 cadit
814 1883 975 1973 suspicio,
997 1880 1086 1966 ergo

55 1971 199 2038 satisdare
218 1969 386 2057 jubentur.
410 1973 457 2038 5⁰.
482 1973 590 2040 Etiam
613 1973 865 2053 testamentarii,
888 1971 1025 2059 legitimi
1044 1981 1078 2036 et
1221 1971 1242 2060 ’ξ

9 2061 11 2148 ,
56 2061 168 2142 dativi,
189 2060 248 2148 qui
261 2081 294 2125 se
309 2057 580 2126 administrationi
597 2061 755 2143 offerunt,
774 2065 805 2150 5.
829 2085 842 2128 t
852 2095 863 2144 ,·
882 2061 972 2128 inst.
993 2061 1026 2127 li.
1052 2067 1075 2124 t.

9 2149 11 2270 5
55 2149 124 2216 Νοι]
138 2149 229 2233 enim
249 2163 493 2237 praesumuntur
506 2173 539 2216 se
560 2151 723 2221 oblaturos
738 2150 853 2236 fuisse,
868 2151 929 2217 nisi
946 2151 1079 2238 luorum

9 2271 10 2302 t
56 2251 228 2329 captarent.
252 2237 320 2322 Qui
341 2239 404 2305 hoo
426 2251 559 2328 captant
581 2263 623 2306 ex
643 2263 678 2308 re
700 2243 837 2333 pupilli,
859 2242 894 2306 iu
916 2263 970 2308 eos
991 2239 1079 2306 cadit

9 2333 11 2448 l
56 2329 207 2418 suspicio,
237 2349 316 2414 ergo
341 2340 494 2394 tenentur
517 2330 680 2398 satisdare.
709 2329 844 2398 Habetis
874 2342 978 2398 totam
1004 2351 1078 2394 rem

9 2461 11 2510 ,
57 2421 180 2507 ejusque
202 2439 330 2483 nexum
354 2441 432 2484 cum
454 2418 630 2508 principio.
651 2421 715 2487 Sed
739 2413 795 2488 hisi
815 2421 944 2508 elegans
963 2420 1079 2486 incidit

9 2515 11 2554 l
57 2505 226 2596 inspectio,
241 2507 267 2572 si
286 2506 397 2596 plures
412 2509 476 2574 sint
490 2519 629 2591 tutores,
645 2512 698 2577 vel
711 2521 902 2578 testamento
924 2509 1010 2589 dati,
1026 2510 1080 2576 vel

9 2595 11 2680 ξ
56 2595 183 2683 legitimi
203 2597 349 2683 ejusdem
371 2597 489 2684 gradus
511 2596 613 2686 (nam
634 2599 692 2666 hos
714 2621 827 2668 omnes
849 2601 958 2688 alege
980 2599 1079 2665 simul

9 2691 11 2760 l
56 2687 157 2770 iocari
170 2707 295 2774 ,supra
314 2688 345 2772 5.
361 2683 513 2767 CCXX,
527 2687 547 2753 3
568 2688 745 2776 diximus),
760 2713 808 2756 an
821 2701 904 2770 tunc
918 2687 1079 2754 omnibus

9 2761 11 2856 l
53 2776 283 2862 permittenda
302 2777 348 2840 sit
369 2775 627 2864 administratio
638 2827 649 2857 ,
665 2801 712 2844 an
729 2778 946 2866 expluribus
963 2799 1079 2858 unus,

9 2949 10 2952 Ἴ
56 2872 84 2928 et
108 2866 275 2954 quisnam
290 2865 515 2952 potissimum
537 2865 797 2954 proefere'ndusi
818 2870 921 2934 Recte
944 2887 1080 2932 censue·

9 2969 10 3002 ³
54 2968 126 3019 runt
145 2953 396 3034 iurisconsulti,
415 2976 484 3018 non
501 2955 654 3044 expedire
673 2956 821 3046 pupillo,
836 2957 945 3044 plures
960 2966 1080 3022 tutores

9 3037 11 3122 ᾗ
54 3043 144 3108 simul
169 3041 408 3108 administrare.
434 3042 523 3107 Nam
550 3045 744 3132 plerumque
764 3045 951 3126 hujusmodi
971 3044 1081 3110 admi-

55 3131 196 3198 nistratio
217 3153 278 3221 per
297 3133 405 3220 plures
422 3153 530 3223 sparsa
553 3133 784 3220 negligentiam
804 3146 836 3202 et
858 3131 1082 3202 contusionem

9 3227 10 3234 ’
56 3222 199 3308 parit,l.
216 3223 240 3286 3
249 3269 261 3298 ,
278 3221 309 3306 5.
327 3224 351 3288 6
356 3269 368 3300 ,
374 3219 421 3312 ff
443 3221 484 3287 de
498 3221 631 3288 admira.
654 3235 716 3288 tut.
739 3224 827 3288 ilino
850 3221 1080 3308 distinguitur,

54 3321 162 3376 utrum
190 3309 325 3376 modica
346 3311 386 3376 sit
404 3310 530 3391 tutela,
548 3330 598 3375 arr
612 3310 784 3402 dffluaior.
807 3313 872 3378 Hic
890 3313 992 3379 dividi
1015 3338 1080 3404 po-

54 3409 108 3464 test
127 3398 389 3480 administratio,
411 3399 454 3464 ita
476 3411 512 3463 ut
537 3421 621 3464 unus
636 3420 673 3466 e.
700 3423 732 3488 g.
757 3401 852 3468 rebus
876 3404 1081 3472 Hollandiois

52 3489 179 3574 praesit,
201 3487 283 3552 alter
301 3487 499 3577 praediorum
519 3489 719 3556 Frisicorum
740 3513 855 3556 curam
877 3505 989 3580 gerat,
1012 3508 1082 3562 ter-

51 3577 110 3648 tius
131 3577 288 3668 pecunias
310 3577 428 3667 pupilli
443 3573 563 3643 foenori
579 3579 664 3645 locet
675 3630 685 3662 ,
707 3591 770 3646 ete.
798 3581 856 3646 Sin
879 3583 1015 3651 modica
1035 3599 1081 3652 est

9 3669 11 3676 ⁴
53 3676 75 3730 tt
87 3669 148 3736 tela
164 3678 200 3732 et
216 3666 353 3732 modicae
393 3666 488 3756 upilli
508 3665 696 3749 facultates,
715 3681 814 3754 tunc,
833 3671 982 3760 pluribus
1000 3673 1081 3742 datis

65 3755 238 3837 aeonius,
254 3754 313 3820 uni
330 3689 472 3821 deiirtur
492 3757 748 3840 administratio,
768 3760 800 3825 d.
819 3761 839 3825 l.
862 3763 886 3826 3
893 3811 904 3840 ,
913 3760 960 3852 ff
984 3764 1015 3847 5.
1034 3787 1080 3844 e,
1140 3773 1143 3778 '

46 3845 123 3911 eod.
153 3845 221 3912 Sed
250 3844 304 3910 oui
325 3845 558 3934 potissimum?
583 3847 696 3914 Primo
717 3849 939 3928 omniomi,
964 3853 1021 3938 qui
1048 3876 1082 3920 se
1141 3875 1152 3919 t

43 3931 161 4022 offert,
177 3933 334 4024 quoniam
355 3934 382 4004 is
400 3945 530 4006 tenetur
547 3945 627 4004 tuno
648 3937 690 4004 ad
713 3939 846 4032 colpam
863 3937 1082 4030 levissimam,

1195 1599 1248 1646 ’τμη
