2710 4504
122 263 126 270 “
220 279 294 365 nn
320 293 596 366 Jusrrraa
624 295 690 364 nr
717 293 871 364 suan
1021 291 1064 382 9⁵

68 403 189 486 blicaa'ea
201 420 308 474 autem
321 429 413 474 venre
427 409 567 473 sectione
581 407 650 472 non
663 407 826 472 turbatur.
842 401 1069 472 Declaintiva

69 495 181 584 denique
194 511 255 578 est,
270 498 295 562 si
313 497 398 564 ratio
416 497 495 586 legis
514 519 593 562 cum
611 495 874 586 ejusdem-verbis
888 499 960 584 pari
998 511 1071 557 assu
1096 573 1098 576 Ι

67 585 190 652 ambulat
200 635 213 667 ,
227 585 369 674 adeoque
388 587 487 654 verba
505 597 632 650 tanturn
653 585 847 674 explicanda
868 594 956 649 sunt.
1035 603 1069 681 g:

66 674 143 739 Pater
167 674 301 740 familias
323 676 371 740 uti
395 675 519 762 legassit
543 677 582 740 de
606 675 744 764 pecunia
767 674 906 740 tutelare
926 693 992 738 suec
1022 690 1071 736 rer

65 761 100 828 ita
114 765 245 850 jusesto.
264 764 332 829 Hic
344 764 369 828 si
390 763 571 854 explicavi,
587 765 665 851 quis'
676 763 803 830 dicatur
822 757 1070 852 paterfamilias,

67 853 128 939 quid
142 855 178 918 sit
190 854 321 940 legare,
338 853 417 940 quid
434 853 593 941 pecunia,
615 853 694 942 quid
708 852 808 918 tutela
826 874 892 917 suae
907 851 974 932 rei,
991 849 1073 914 alter

65 942 152 1007 statim
170 942 327 1030 intelliget
337 955 442 1008 totam
458 944 574 1030 legem.

95 1085 175 1159 Apud
185 1071 243 1143 nos
252 1104 375 1161 quoque
387 1083 419 1142 id
429 1083 523 1158 judici
536 1083 680 1142 incumbit
694 1081 829 1146 officinas
842 1085 919 1162 leges
930 1083 969 1144 ad
982 1102 1077 1160 quas-

62 1163 97 1221 vis
116 1168 220 1242 species
238 1168 431 1224 obvenientes
447 1165 591 1241 adplicet,
609 1165 700 1222 modo
723 1165 754 1222 id
772 1167 909 1224 observet
932 1187 969 1224 ne
990 1167 1076 1224 aliter

63 1255 139 1320 ‘qnam
155 1249 190 1305 de
210 1249 330 1324 speciali
344 1249 433 1306 eausd
445 1249 502 1324 ipsi
516 1247 647 1320 subjecti
665 1261 840 1324 cognoscet3
860 1267 921 1304 non
939 1248 1011 1304 vero
1026 1245 1077 1320 jus

65 1328 149 1388 reddat
165 1330 309 1388 sententid
327 1331 408 1387 velut
427 1330 555 1407 generali
571 1330 734 1406 futurique
746 1330 777 1386 in
792 1329 929 1407 deinceps
945 1329 1077 1405 judicia-

67 1427 119 1466 run
129 1413 240 1490 reguld.
256 1412 330 1470 cod.
346 1413 429 1487 Nep.
443 1426 498 1472 art.
513 1409 543 1470 5.

392 1535 399 1544 ι

454 1565 486 1650 ς.
510 1562 671 1629 xxix.

98 1709 171 1774 Haec
183 1707 224 1774 de
236 1707 505 1798 interpretatione
519 1709 641 1797 legum.
655 1709 810 1796 Sequitur
820 1734 934 1778 earum
947 1711 1080 1801 Adpli-
1118 1705 1121 1712 ⁴

67 1800 159 1874 antias
183 1821 259 1885 quae
273 1798 305 1862 in
323 1819 389 1886 quo
405 1798 554 1864 consistat
567 1848 577 1880 ,
589 1799 829 1885 elegantissimis
854 1801 961 1866 verbis
984 1803 1082 1883 Oia,

67 1886 111 1952 lid.
124 1889 163 1968 I,
184 1889 227 1952 de
246 1886 371 1966 Orat„
386 1911 461 1976 cop.
480 1891 540 1966 18,
557 1887 725 1952 docemur.
738 1888 769 1952 ls
782 1910 860 1974 ergo
874 1889 994 1956 dicitur
1002 1891 1080 1978 jura

66 1975 223 2064 adplicare,
236 1977 293 2042 vel
311 1975 359 2040 uti
374 1975 471 2044 hodie
485 1975 682 2064 loquuntur,
696 1976 731 2042 in
748 1979 848 2066 praxi
864 1981 1000 2061 versari,
1022 1981 1081 2068 qui

63 2061 126 2150 juris
140 2069 266 2156 peritus
280 2075 326 2130 eat
343 2069 387 2134 1⁰·
402 2066 443 2130 ad
460 2065 757 2152 respondendum.-
774 2067 862 2154 quod
875 2080 922 2134 est
934 2068 1080 2135 officium

65 2154 382 2236 iurisconsultorum,
399 2156 543 2220 maxime
564 2155 598 2220 in
614 2153 787 2221 academiis
803 2157 1009 2238 Germaniae,
1025 2159 1082 2234 ubi

65 2245 186 2328 quotidie
195 2245 238 2309 ad
251 2243 371 2332 species
382 2243 560 2334 propositus
571 2267 722 2334 responsa
733 2245 811 2312 dant
823 2248 1088 2334 consulentibus3

66 2339 99 2396 2⁰.
109 2333 146 2398 ad
160 2333 342 2424 agendum
347 2358 360 2410 ,·
373 2335 461 2418 quod
470 2345 516 2398 est
525 2331 758 2400 advocatorum
770 2346 802 2402 et
814 2331 1085 2425 procuratorum,
1129 2347 1134 2418 ζ

65 2421 106 2506 qui
116 2423 257 2488 aliorum
266 2421 419 2486 desideria
429 2421 464 2487 in
472 2419 543 2486 loro
552 2435 760 2510 proponunt3
771 2425 816 2492 5⁰.
830 2426 870 2490 ad
879 2429 1086 2512 cavendum,-

66 2511 137 2594 quod
150 2523 196 2578 est
210 2512 450 2576 advocatorum
468 2523 500 2576 et
511 2513 731 2596 nolanorum,
745 2515 802 2600 qui
810 2563 819 2594 ,
832 2515 886 2592 ubi
901 2529 1088 2586 contractus
1135 2517 1137 2526 '
1173 2529 1175 2542 ¹

66 2598 198 2683 ineundi,
209 2610 405 2666 testamenta
415 2597 574 2682 facienda,
587 2603 638 2667 vel
648 2601 708 2666 alia
722 2603 850 2690 negotia
863 2605 970 2672 civilia
979 2608 1088 2698 expli·

65 2691 151 2755 canda
164 2701 261 2770 sunt,
276 2689 440 2756 instruere,
455 2689 573 2770 debent
590 2691 684 2773 alios,
702 2692 782 2779 quid
796 2715 911 2760 cavere
927 2695 1086 2780 debeant,

65 2781 161 2845 nevel
183 2778 410 2868 decipiantur,
429 2780 482 2846 vel
497 2791 586 2844 actus
605 2779 713 2844 nullus
725 2782 789 2860 ‚sita
808 2783 854 2848 4⁰.
871 2783 1023 2851 addimus
1042 2788 1087 2853 ad

58 2861 304 2953 judicandum
319 2863 407 2954 quod
422 2879 467 2933 est
482 2867 627 2932 officium
636 2869 803 2956 judicum,
816 2882 853 2935 ut
862 2921 872 2952 ‚
886 2874 998 2938 audito
1013 2895 1091 2964 par·

65 2956 222 3046 tiumjure
237 2967 271 3022 et
286 2956 430 3046 probatis
443 2956 552 3038 factis‚‘
564 2959 586 3023 i.
607 2981 635 3022 e.
657 2979 765 3024 caussa
789 2959 940 3046 cognita,
958 2977 1091 3044 senten-

66 3043 133 3112 tiam
150 3046 263 3113 ferant
282 3045 464 3110 secuudum
478 3058 552 3110 acta
575 3059 608 3112 et
628 3048 776 3136 probata.
803 3050 884 3114 Haec
907 3051 964 3138 qui
988 3056 1091 3142 probe
1115 3084 1118 3090 ¹

65 3135 126 3216 seit,
144 3159 222 3202 vere
237 3135 492 3200 iurisconsultus
505 3146 570 3216 est,
584 3147 616 3202 et
628 3185 637 3218 ,
657 3148 694 3202 ut
706 3137 820 3204 Cicero
835 3139 911 3205 alibi
925 3140 1090 3231 loquitur,

64 3224 147 3291 totins
161 3223 304 3292 civitatis
317 3225 501 3288 oraculum.

361 3367 391 3452 ς.
415 3366 789 3456 ΧΧΧψΧΧΧΙ.

103 3517 340 3606 Definitionem
362 3504 631 3606 Jurisprudentiae
653 3533 835 3607 sequuntur
860 3524 986 3614 aliquot
1008 3531 1096 3598 divi-

66 3604 181 3688 siones3
209 3627 355 3696 quarum
379 3607 486 3694 prima
507 3618 579 3686 est,
596 3610 684 3696 quod
709 3611 766 3676 lus
784 3612 823 3676 sit
846 3615 898 3682 vel
916 3615 1096 3702 publicum

68 3695 112 3758 rel
128 3698 334 3783 privatum,
350 3717 422 3780 quaa
436 3695 550 3763 divisio
567 3719 636 3762 non
656 3721 674 3762 a
695 3697 760 3764 fine
770 3747 779 3779 ,
796 3702 851 3768 sed
868 3703 997 3790 objecto
1013 3710 1096 3775 dici·

69 3789 125 3846 tur.
144 3783 290 3850 Ratione
303 3782 377 3848 linis
392 3785 479 3850 euim
495 3788 600 3850 omnis
614 3786 633 3851 J
636 3787 874 3876 urisprudentiu
886 3805 933 3858 est
934 3795 1097 3950 ⁸publica,

69 3874 136 3956 quia
151 3873 194 3940 ad
214 3871 390 3940 utilitatem
411 3873 579 3962 publicam
598 3889 788 3966 comparata
808 3892 865 3948 est.
892 3881 933 3948 ln
955 3905 974 3949 s
995 3897 1028 3952 et
1044 3888 1099 3977 jus
