2756 4504
913 293 924 338 1

243 407 323 478 402
533 415 704 486 cinna
731 397 1031 497 11‚T1T.'vt.

254 547 476 618 amaret2mc
489 539 614 604 monita
628 539 670 604 ab
683 539 838 606 indecoro
852 542 913 606 isto
926 563 1041 606 amone
1055 539 1231 620 annau,
1245 553 1282 604 ea

256 625 293 689 in
310 627 437 692 domini
449 628 535 695 servi
547 629 738 696 cadmum
754 631 974 718 redigeretur,
991 643 1025 695 et
1038 642 1116 694 tunc
1135 629 1286 694 dominus

254 713 348 780 fieret
373 721 443 801 ejus
463 717 608 784 mulieris
632 741 794 786 sumensor
819 721 1019 786 universalis.
1050 721 1113 783 Sed
1138 717 1172 782 bi
1195 719 1283 782 modi

253 803 447 890 adquirendi
470 806 665 874 nnimsales
686 823 806 898 preter
832 809 1018 874 buaditatis
1036 807 1283 894 adquisitionem

253 890 320 957 fere
332 893 374 958 ab
385 917 445 960 nsn
455 909 664 962 reeeoeernnt.
677 898 783 985 Magis
794 899 863 963 noti
875 899 971 966 bodie
983 910 1059 964 sunt
1069 897 1160 970 modi
1168 895 1284 982 adqui·

254 981 348 1046 rendi
362 985 574 1071 singulares,
589 1009 708 1076 nempe
729 988 775 1052 1⁰.
791 989 957 1074 usucapio
964 1036 977 1066 ‚
992 987 1033 1050 de
1052 1008 1118 1074 qna
1132 985 1199 1049 boo
1214 984 1282 1050 'ric

256 1075 305 1135 2⁰.
321 1071 482 1154 unam,
496 1074 537 1142 de
549 1098 613 1164 qna
629 1075 697 1141 Tit.
715 1098 804 1164 seqq.
819 1077 869 1142 5⁰.
888 1075 1061 1164 legebam,
1075 1086 1110 1140 et
1125 1073 1174 1140 4⁰.
1178 1071 1284 1160 fider·

253 1164 476 1230 commiscum
489 1165 668 1254 singulare
675 1189 690 1243 ‚⁰
703 1165 875 1253 dequibus
887 1163 973 1230 infra
986 1165 1052 1230 suis
1062 1163 1143 1230 locis
1156 1173 1282 1250 agetnn

557 1323 590 1408 ς.
611 1313 987 1392 ccccxxxvun

297 1483 386 1550 Cum
404 1506 484 1572 ergo
501 1485 614 1552 titulus
629 1498 738 1552 noster
748 1486 944 1554 inscribatur
957 1485 1001 1552 de
1016 1483 1284 1574 usucapionibus

253 1585 288 1638 et
302 1574 401 1660 longi
415 1577 578 1661 temporis
589 1576 925 1666 proescnpubnibm‚
940 1575 1122 1642 videbimus
1144 1575 1189 1638 1⁰.
1205 1574 1285 1664 qnid

254 1661 415 1729 veteiibns
423 1661 521 1730 fuerit
533 1667 715 1752 scampis,
724 1669 803 1756 qnid
809 1667 1025 1754 praescriptio
1033 1667 1052 1731 2
1061 1669 1108 1730 2⁰.
1117 1663 1285 1752 quomodo

253 1753 453 1818 lastinianus
472 1754 618 1840 aliquam
636 1757 915 1845 prescriptionem
932 1777 1012 1819 cnm
1032 1754 1231 1842 usucapione
1248 1753 1285 1821 in

253 1864 357 1906 unam
375 1863 515 1908 massam
533 1843 742 1924 conflaverit,
757 1845 835 1911 alias
849 1857 960 1909 autem
979 1843 1021 1908 ab
1038 1843 1154 1908 eadem
1169 1843 1285 1908 distin-

252 1931 353 1996 xerit.
379 1932 547 2020 Usncapio
571 1933 651 1996 olim
678 1955 699 1998 a
724 1934 967 2022 praescriptione
989 1933 1135 1997 maxime
1156 1929 1288 1996 differe-

253 2019 320 2084 bat.
348 2020 400 2086 1⁰.
429 2021 489 2085 ttta
514 2022 603 2086 enim
631 2021 794 2089 tribuebat
814 2024 1025 2102 dominium,
1045 2021 1191 2108 adeoque
1212 2031 1285 2084 erat

251 2109 371 2176 modus
382 2109 594 2196 adquirendis
610 2111 680 2176 haeo
698 2123 810 2178 antem
830 2123 964 2176 tantum
980 2111 1208 2200 exceptionem
1221 2109 1285 2174 da·

252 2198 330 2279 bat,
354 2202 433 2286 qnia
454 2200 586 2264 alterins
602 2200 656 2285 jus
671 2201 911 2267 excluderetur.
932 2198 986 2266 2⁰.
1012 2201 1074 2264 Illa
1091 2200 1204 2263 locum
1218 2198 1284 2262 ba-

251 2287 348 2352 bebat
367 2291 403 2354 in
419 2287 495 2354 solis
505 2289 601 2356 rebus
619 2287 865 2378 corporalibus,
888 2290 925 2354 in
940 2288 1060 2377 quibus
1073 2288 1199 2376 qnippe
1207 2287 1285 2352 solis

252 2377 440 2442 dominium
461 2377 580 2444 habere
600 2399 786 2466 mamus,
808 2381 839 2465 ς.
858 2379 941 2457 556;
954 2376 1153 2467 praescriptio
1171 2387 1285 2442 autem

251 2468 353 2531 etiam
372 2467 484 2532 adres
502 2468 722 2557 incorporales
739 2480 772 2534 et
783 2469 858 2555 jura
876 2467 1069 2558 pertinebat.
1087 2467 1140 2531 3⁰.
1151 2465 1285 2530 Usuca·

252 2555 345 2645 pioni
355 2567 424 2622 orat
438 2555 529 2622 locus
539 2558 576 2622 in
587 2556 684 2621 rebus
698 2557 803 2623 Italici
814 2557 873 2622 soli
883 2605 894 2636 ,
905 2579 979 2642 quae
993 2557 1068 2621 solae
1080 2567 1176 2620 erant
1187 2575 1286 2618 man·

252 2643 1287 2824 aad⁵40tacuimus§timaeus

252 2823 527 2912 adquirebantur,
537 2825 738 2913 prescriptio
746 2835 855 2890 antem
867 2824 921 2888 lon
925 2845 958 2910 gt
968 2822 1126 2911 temporis
1140 2845 1178 2889 io
1191 2823 1287 2884 annis

250 2916 338 2982 inter
354 2917 543 3005 presentes,
567 2933 609 2979 20
625 2913 716 2978 inter-
731 2914 874 2980 absentes
892 2912 1066 2978 finiebatur
1079 2934 1090 2982 t
1104 2907 1286 2998 longimimi

252 3004 408 3094 temporis
418 3002 619 3094 prescriptio
629 3002 730 3068 modo
741 3005 804 3084 50,
821 3001 920 3066 modo
941 3002 1008 3080 40,
1030 3000 1131 3064 modo
1149 3011 1288 3064 centum

251 3117 434 3250 iiiiii.
445 3094 666 3272 111111ρί11
660 3091 1007 3248 ditabat?
1009 3089 1289 3266 tsssstssssdiifi?

253 3273 458 3362 usucapionis
476 3271 664 3362 supplendae
678 3293 804 3350 caussa,
819 3281 857 3334 ut
865 3319 876 3351 ,
890 3291 964 3356 quae
977 3267 1112 3356 usucapi
1124 3289 1191 3332 non
1205 3289 1289 3357 pos-

249 3375 318 3426 sent
329 3412 339 3444 ,
351 3361 460 3426 saltim
473 3361 771 3450 praescriberentur.
786 3360 818 3444 §.
842 3381 882 3436 2,
903 3358 992 3422 Imt.
1013 3357 1047 3422 u.
1070 3369 1095 3422 t.
1117 3357 1168 3420 lta
1180 3377 1214 3421 se
1233 3378 1289 3422 rea

253 3451 413 3516 habuerat
434 3461 509 3515 ante
531 3451 763 3516 lastinianum.
789 3445 852 3513 Sed
875 3447 929 3512 bic
953 3447 1132 3536 imperator
1155 3444 1289 3534 primus

253 3539 487 3629 usucapionem
505 3551 536 3606 et
550 3541 639 3626 longi
656 3538 812 3628 temporis
828 3535 1106 3628 prescriptionem
1123 3533 1161 3600 in
1180 3557 1290 3602 unam

252 3652 392 3696 massam
408 3627 563 3697 conflavit
577 3631 613 3695 in
628 3630 650 3694 L
666 3653 728 3694 un.
746 3626 829 3692 cod.
847 3627 889 3692 de
902 3649 1045 3712 usucap.
1060 3621 1225 3712 transfer.
1241 3623 1291 3689 Et

252 3720 332 3786 binc
342 3718 439 3786 hodie
453 3719 538 3786 inter
551 3721 784 3808 usucapionem
797 3728 831 3780 et
840 3715 929 3801 longi
944 3713 1098 3802 temporis
1108 3712 1291 3804 prescrip-

252 3810 377 3876 tionem
401 3809 487 3876 nihil
512 3809 652 3898 amplius
682 3805 874 3874 discriminis
897 3816 960 3885 est,
988 3825 1089 3898 quam
1114 3801 1206 3890 qnod
1233 3817 1292 3868 m

252 3900 471 3989 incorporales
482 3899 615 3989 usucapi
629 3897 792 3963 dicantur.
805 3895 954 3980 Agemns
964 3894 1075 3981 itaque
1089 3902 1134 3958 1⁰.
1151 3891 1192 3956 de
1204 3915 1292 3958 usu-

253 3990 409 4081 capione,
434 4002 467 4057 et
496 4012 570 4080 qnae
594 3988 691 4056 hodie
711 4007 791 4054 cum
818 3985 872 4051 illa
897 3984 967 4075 pani
995 4007 1087 4072 passu
1112 3979 1267 4050 ambulat
1277 4027 1291 4066 ,
