2644 4504
12 309 13 312 κ
120 283 297 372 osana.
315 259 410 356 niv.
425 255 645 374 senoco.
660 284 769 354 uns.
787 285 954 354 nonin.
982 287 1049 386 ³49

49 391 114 458 alios
123 417 297 462 usurerum
306 418 440 463 suarum
453 395 667 477 excludendi,
683 395 827 484 adeoque
842 397 1050 486 prohibendi,
1167 461 1171 470 .

12 483 13 516 i
50 503 84 547 ne
95 483 308 568 quieverandi
318 507 427 552 caussa
435 484 575 552 firndum
585 507 682 550 suum
695 484 906 571 ingredietur.
924 485 970 575 (a)
986 488 1051 553 Fe-

12 645 13 656 ,
50 593 92 636 ras
103 572 235 640 inclusas
247 575 321 665 capi
332 575 481 642 venando
496 597 563 640 non
579 596 679 664 posse.
694 573 747 639 Sic
761 573 862 663 pisces
871 573 1052 640 includun-

51 657 95 723 tur
107 662 228 748 piscinis
241 690 249 727 ε
261 662 337 730 ferse
351 663 480 732 vivariis
498 690 506 729 :
520 685 594 753 apes
605 661 760 730 alveariis.
775 663 854 728 Non
867 676 1050 753 possetisne

12 781 13 786 κ
51 751 112 836 capi
123 748 202 816 feras
217 752 375 838 inclusas,
398 751 566 817 manifesto
579 762 668 842 patet
682 772 725 814 ex
738 749 760 816 l.
781 752 805 815 3
809 798 822 832 ,
836 753 866 837 ς.
885 750 940 842 34,
946 751 994 842 ff
1008 754 1052 819 cle

11 843 13 914 i
52 839 142 924 adqu.
158 841 210 904 vel
225 842 365 908 amittit.
373 865 521 928 possess.
540 840 639 907 Ratio
652 849 714 921 est,
727 838 803 928 quia
820 845 989 928 occupatio
1005 852 1052 906 est

50 928 146 992 verum
159 929 289 997 nullius.
307 931 362 1020 (ς.
381 929 477 1020 541.)
493 931 577 1016 Ques
587 941 696 996 autem
704 929 775 1016 jem
785 939 944 1018 occupata
957 943 1051 1014 sunt,

11 1067 13 1098 ζ
49 1034 106 1078 non
117 1030 188 1082 sunt
200 1019 329 1084 nullius.
345 1018 414 1105 Qui
427 1017 514 1086 eninr
528 1019 627 1108 pisces
639 1029 749 1107 captos
765 1017 895 1106 piscinae
906 1041 973 1084 suae
984 1021 1052 1084 im-

49 1102 137 1186 misit,
148 1128 199 1172 eos
207 1106 421 1198 adprehendit·
435 1119 466 1173 et
478 1107 591 1174 habult
604 1107 752 1174 animum
763 1127 816 1194 eos
826 1107 885 1171 sibi
896 1107 1052 1174 habendi.

11 1199 12 1250 ἶ
51 1189 107 1273 Qui
120 1194 157 1258 ad
182 1197 330 1262 rehendit
342 1197 451 1276 animo
462 1195 521 1262 sibi
534 1195 690 1278 habendi,
704 1193 808 1259 factus
821 1205 868 1274 est
886 1195 1049 1265 dominus.

50 1276 93 1364 (ς.
106 1281 145 1347 54
168 1287 202 1373 .)
218 1287 307 1374 Ergo
322 1307 450 1350 resnou
463 1296 509 1350 est
521 1285 656 1369 nullius,
669 1282 831 1371 adeoque,
856 1284 913 1372 qui
925 1286 961 1350 in
984 1288 1052 1376 pis-

11 1395 12 1402 *
49 1367 116 1433 ciuis
128 1370 227 1460 plenis
240 1375 407 1464 piscatur,
432 1371 560 1438 furtum
570 1371 754 1466 comrnittit.
773 1371 1051 1461 (aversationem

49 1457 158 1524 nullam
181 1484 245 1528 esce
264 1462 408 1530 ferarum
429 1473 672 1527 marnaetarum
692 1471 725 1526 et
742 1461 1050 1532 manufactarum.
1146 1525 1148 1548 ,

48 1543 131 1612 Hane
152 1553 392 1618 conclusionem
408 1552 538 1639 ejusque
550 1551 710 1617 rationem
726 1549 795 1634 jam
815 1550 1051 1638 explicavimus

48 1636 143 1718 paullo
158 1652 241 1706 ante.
256 1641 294 1731 (ε)
306 1640 579 1710 Vulnerationem
588 1662 655 1704 non
666 1637 822 1724 sufficere,
835 1639 889 1704 sed
898 1641 1050 1708 accedere

49 1737 203 1810 opportere
222 1729 526 1819 adprehensionem,
545 1729 613 1796 sive
632 1728 687 1793 illa
707 1750 809 1792 manu
832 1727 907 1810 fiat,
929 1751 958 1794 e.
974 1752 1007 1817 g.
1023 1731 1050 1797 si

48 1827 146 1879 cervus
163 1821 284 1885 occisus
294 1818 419 1883 a-nobis
430 1819 562 1883 tollatur
577 1844 585 1882 ε
600 1819 666 1882 sive
679 1817 917 1898 instrumentis,
931 1840 960 1884 e.
976 1840 1009 1906 g.
1023 1820 1051 1885 si
1094 1889 1096 1892 ,
1194 1825 1198 1836 ’

49 1918 147 1968 cervus
166 1905 202 1970 in
222 1929 322 1974 casses
344 1906 513 1988 inciderit,
539 1906 638 1994 pisces
663 1905 725 1970 reti
743 1917 852 1970 nostro
871 1917 1048 1974 teneamus.

50 1983 194 2070 Quamvis
210 2009 322 2064 autem
335 2019 403 2061 non
418 1995 553 2062 sufficiat
567 1995 642 2060 ferae
655 1995 851 2076 vulneratio,
873 1994 895 2060 I.
911 1998 937 2060 3
942 2046 953 2074 ,
968 1998 999 2082 §.
1017 2021 1050 2078 1,

50 2071 68 2136 l.
80 2083 124 2142 55
136 2131 148 2160 ,
161 2082 208 2173 ff
229 2087 273 2152 cla
297 2085 346 2150 A.
366 2085 409 2150 R.
426 2086 474 2150 D.
492 2086 678 2149 luctamen
694 2083 878 2150 vulneranti
895 2087 1051 2175 competit

49 2181 110 2230 tam
123 2174 345 2262 persequendi,
358 2175 455 2239 etiam
467 2191 525 2264 per
537 2171 676 2237 fundum
688 2172 817 2237 alterius
830 2183 862 2238 et
874 2172 919 2238 ibi
932 2175 1054 2241 ceden-

48 2258 104 2348 tem
117 2263 320 2351 occupandi,
340 2263 438 2328 modo
454 2263 488 2328 id
507 2283 576 2326 non
594 2260 690 2326 faeiat
708 2260 858 2326 adhibitis
871 2262 1004 2330 canibus
1016 2275 1051 2332 et

48 2340 146 2412 inflato
160 2353 338 2418 corniculo.
351 2353 402 2416 Ita
415 2374 520 2417 mores
534 2349 600 2416 fere
614 2351 733 2436 ubique
746 2361 886 2417 servant.

84 2431 140 2501 ΠΙ.
157 2438 326 2524 Quamdiu
338 2439 406 2505 fera
426 2452 520 2530 capta
534 2451 641 2504 nostra
655 2439 711 2521 sit,
726 2459 769 2505 ex
783 2440 895 2525 regula
913 2441 974 2520 hac
987 2467 1052 2534 pa-

48 2513 124 2585 tebit.
139 2526 256 2612 Quoad
267 2529 335 2608 fera
348 2529 529 2595 libertatem
546 2528 729 2594 naturalem
738 2550 807 2594 uon
821 2534 1024 2620 recuperavit
1038 2584 1049 2616 ,

47 2618 142 2678 nostra
148 2628 207 2682 est.
220 2619 255 2684 Si
271 2619 448 2692 custodiam
461 2629 605 2684 nostram
618 2617 737 2698 evasit,
763 2621 871 2683 nostra
888 2643 951 2686 esse
965 2623 1051 2688 desi·

46 2693 101 2796 nil,
115 2703 144 2786 S·
158 2727 212 2785 12,
226 2709 317 2774 Inst.
332 2707 406 2774 lat.
424 2709 468 2775 Et
477 2707 718 2774 hinc'sianobis
728 2704 1051 2793 fugientemoervum

47 2780 116 2852 thus
140 2808 295 2886 occupet,
320 2818 479 2884 suumque
500 2794 612 2877 faciat,
636 2817 704 2860 non
725 2817 894 2883 possumus
913 2819 990 2869 cum
1010 2821 1049 2865 eo

39 2865 115 2972 ΔῙῑξΐῑί
129 2902 241 2968 agere,
263 2887 339 2972 quia
352 2908 424 2952 rem
443 2883 581 2967 nullius,
605 2906 670 2948 non
683 2894 849 2965 nostram,
866 2897 1050 2952 contrecta-

46 2972 95 3026 vit.
105 2966 227 3058 Regula
239 2977 311 3042 haec
322 2976 362 3040 ab
374 2974 528 3060 aliisjuris
537 2973 703 3064 principiis
713 2971 808 3060 plane
817 2973 947 3038 recedit.
960 2975 1050 3043 Nam

47 3069 132 3135 supra
153 3061 317 3145 diximus,
334 3065 410 3129 alies
421 3065 473 3150 jus
486 3063 523 3128 in
539 3086 575 3129 re
590 3085 658 3128 non
678 3083 742 3126 esse
759 3073 1025 3130 momentaneum
1039 3114 1056 3147 ,.
1089 3091 1092 3096 ¹
1158 3065 1161 3070 ’
1191 3061 1192 3064 ’
1238 3063 1247 3072 ’

46 3139 93 3241 iel
107 3165 309 3246 perpetuum,
319 3153 461 3242 adeoque
475 3175 563 3235 rem,
583 3152 675 3240 cujus
685 3149 976 3217 semel-dominium
991 3154 1052 3220 ad«

47 3235 240 3325 sasivimus,
255 3244 367 3310 amissa
382 3243 571 3331 possessione
583 3263 652 3306 non
664 3240 805 3305 desinere
819 3251 963 3306 nostram
974 3264 1048 3310 esse.

48 3312 93 3397 (l
105 3320 199 3416 553.)
212 3333 302 3400 Hinc
316 3357 344 3400 e.
355 3354 405 3419 gr.
419 3354 528 3405 servus
538 3342 645 3396 noster
657 3321 975 3415 fugienslibertatem
986 3357 1051 3398 na-

47 3409 176 3505 turalem
191 3443 258 3487 non
273 3422 495 3510 consequitur„
517 3419 592 3507 quia
607 3419 705 3493 semel
726 3429 836 3486 nostro
854 3419 889 3484 in
904 3421 1050 3490 dominio

31 3485 119 3576 'siffis
135 3514 166 3566 et
184 3507 279 3594 hine,
292 3509 490 3598 ubicumque
504 3520 667 3598 repertus,
682 3518 786 3597 potest
801 3509 968 3584 vindicari.
985 3511 1051 3578 Res

45 3573 124 3680 furto
137 3591 243 3665 ablate
259 3613 366 3666 nostra
385 3611 496 3666 manet
506 3597 728 3664 nihilominus.
746 3598 881 3687 Semper
895 3600 984 3664 enim
997 3603 1051 3688 jus

44 3688 74 3768 ΞΠ
85 3694 116 3738 Pe
129 3701 321 3777 perpetuum
331 3701 387 3755 est.
402 3693 450 3754 At
463 3689 498 3754 in
512 3687 585 3752 solis
598 3685 671 3752 feris
684 3685 753 3751 haec
768 3687 880 3773 regula
893 3687 989 3769 fallit3
1002 3692 1050 3755 uti

42 3760 104 3860 lam
112 3767 241 3842 Grotius
253 3779 296 3846 de
307 3779 335 3845 J
334 3825 343 3844 .
355 3779 400 3844 B.
418 3791 450 3843 et
461 3780 503 3844 P.
519 3777 599 3842 Lib.
614 3777 663 3841 II
663 3808 672 3842 .·
683 3799 758 3869 cap.
771 3775 880 3850 VIII
883 3825 894 3861 ,
906 3778 936 3862 ς.
949 3779 982 3856 ,3,
992 3777 1054 3842 ob-

43 3859 180 3930 tutavit.
202 3867 349 3944 stmulao
375 3868 462 3938 enirn
479 3865 677 3954 aufugerunt
701 3876 733 3930 et
752 3878 922 3941 evaseruut
942 3873 1051 3936 eusti-
