2710 4504
166 293 212 364 tt
464 287 939 370 LIRER1‚T1T.1.;

170 403 207 472 V
208 449 220 468 .
236 402 259 468 l.
281 403 367 488 ης.
390 423 431 482 1,,
431 395 479 490 ff
492 399 526 463 b.
541 412 566 465 t.
585 398 642 465 Ab
660 399 723 463 hoc
737 419 816 485 ergo
833 395 900 462 line
918 406 988 460 toto
1011 387 1196 460 caelo‘uber·

166 505 261 574 rant,
276 490 334 579 qui
348 489 420 556 ideo
436 500 564 554 tuntum
575 487 651 576 jura
667 487 796 552 discum
804 535 817 576 ,¹
829 497 866 550 ut
877 485 1053 572 aliquando
1067 480 1196 546 rabulos

166 591 267 668 agant
280 579 316 645 in
330 577 419 659 foro,
433 591 466 644 et
477 577 656 646 evertendis
676 575 851 641 hominum
871 573 1010 640 fortunis
1035 581 1196 660 quaestum

167 669 300 736 facient.
314 668 372 734 Isti
385 689 460 733 sone
472 689 540 731 nou
554 665 780 732 iurisconsulti
793 674 868 730 sunt
880 712 890 744 ,
909 663 964 728 sed
979 661 1124 727 vultures
1143 669 1197 722 to-

168 760 236 848 gati
248 808 258 840 ,
282 769 384 848 pestes
410 754 615 845 reipublicae,
641 751 768 820 furibus
790 753 865 844 ipsis
887 763 978 818 tanto
1000 749 1195 827 deteriores,

169 846 484 936 quentoimpunius,
503 843 833 934 subspeciejustitiae,
850 853 1046 928 grassantur.
1066 839 1199 906 Maneat

168 959 249 1024 ergo
266 935 329 1016 hoc
349 935 495 1000 studiosis
515 934 534 999 J
537 933 604 998 oris
616 933 681 998 altu
695 943 805 998 mente
818 941 1008 1022 repostum,
1024 928 1124 1002 finem
1136 925 1199 990 lu·

169 1021 655 1116 risprudentieeessejustitiam.
1273 1013 1277 1022 ’

178 1234 179 1244 ¹
211 1167 278 1225 Heu
290 1167 297 1222 !
311 1167 403 1243 quim
415 1165 491 1223 bene
506 1164 699 1242 apprimeque
710 1164 823 1222 dictum
835 1161 1011 1238 ‚praesertim
1020 1159 1066 1217 bis
1077 1169 1200 1234 tempo·

169 1251 255 1310 ribus
267 1249 320 1306 ubi
332 1248 461 1305 vidimus
476 1246 535 1306 300
553 1248 590 1303 ir.
610 1245 688 1312 effici
704 1245 953 1304 lurisconsultosl
969 1242 1043 1313 Quis
1061 1253 1104 1297 est
1120 1238 1200 1296 enim

170 1331 262 1388 hodie
281 1331 364 1388 locus
378 1331 431 1406 qui
439 1371 448 1398 ‚
461 1329 486 1386 si
501 1329 579 1386 reris
598 1347 631 1386 ec
649 1327 785 1404 genuinis
797 1325 947 1384 advocetis
957 1336 1058 1401 egeat,
1072 1339 1122 1379 eos
1139 1339 1202 1376 non

169 1413 277 1470 hebeat
290 1413 392 1470 saltem
408 1403 462 1486 qui
479 1421 594 1467 tantum
616 1427 724 1466 nomen
740 1408 776 1466 eb
791 1407 979 1482 arrogantius
990 1405 1053 1480 qub
1071 1401 1200 1477 ineptius

90 1557 92 1560 ,
171 1493 229 1552 sibi
241 1491 413 1550 vindicent?
430 1493 475 1548 Dc
487 1492 532 1548 his
544 1491 659 1550 rabulis
674 1489 743 1548 vere
756 1490 848 1568 igitur
859 1487 1034 1560 dicendum,
1045 1483 1129 1562 qnod
1142 1483 1202 1542 sint

172 1575 325 1654 plerique,
341 1577 471 1632 ouantes
483 1575 592 1650 togati,
613 1583 668 1630 etc.

597 1721 628 1806 §-
651 1718 768 1833 xm.

222 1869 364 1938 Sedhaec
376 1871 496 1956 justitia
512 1871 591 1960 quid
602 1871 837 1948 estlDefinitur
849 1871 884 1952 in
897 1867 1157 1938 Institutionibus
1173 1877 1209 1932 et

176 1961 257 2048 Dig.
269 1961 405 2044 nostris,
418 1961 505 2048 quod
513 1961 553 2026 sit
565 1973 725 2028 constans
736 1974 769 2027 ct
777 1971 944 2050 perpetuu
960 1957 1207 2043 voluntae,jrcs

177 2065 283 2119 eurem
299 2051 419 2137 cuique
439 2050 624 2116 tribuendi.
642 2053 732 2116 Bona
751 2049 917 2129 definitio,
933 2049 1034 2114 modo
1048 2059 1134 2114 recte
1154 2046 1206 2111 in-

178 2141 355 2226 telligatur.
377 2135 581 2228 Depromptu
599 2139 688 2206 enim
713 2150 758 2203 est
780 2161 822 2204 ex
844 2137 1047 2231 philosophia
1074 2137 1206 2215 Stoica,

76 2313 78 2317 ,
179 2229 235 2295 oui
264 2227 409 2316 plerique
439 2237 561 2292 veteres
586 2227 812 2292 Jurisconsulti
842 2239 935 2294 erent
960 2223 1070 2292 dediti.
1092 2225 1208 2292 Stoicis

179 2319 287 2382 omnis
316 2315 419 2382 virtus
436 2326 505 2379 erat
525 2327 687 2381 constans
710 2329 747 2381 et
760 2341 826 2404 per·
848 2330 929 2382 etun
952 2316 1110 2382 voluntas
1123 2342 1135 2380 .·
1148 2313 1207 2402 qui

179 2405 271 2474 enim
290 2403 389 2470 semel
409 2403 515 2468 melus
538 2427 615 2486 eum
640 2427 767 2495 semper
791 2341 891 2470 salim
916 2425 979 2470 esse
1004 2403 1207 2489 judicabant.

180 2493 271 2560 Hinc
293 2493 408 2556 Cicero
428 2493 562 2558 Parud.
585 2493 655 2559 III
664 2543 674 2576 ‚
696 2519 724 2560 c.
752 2517 789 2574 r,
810 2494 867 2559 ubi
882 2515 924 2560 ex
940 2493 1106 2584 principiis
1119 2493 1208 2558 Stoi-

181 2603 299 2648 corum
314 2581 469 2669 disputat:
486 2581 524 2647 U
521 2605 569 2648 no
580 2584 689 2649 virtue
702 2595 752 2648 est
762 2586 973 2650 consentiens
984 2607 1063 2649 cum
1074 2583 1209 2649 rollone

182 2683 215 2737 et
227 2680 393 2758 perpetua
405 2671 611 2759 constantia.
625 2671 714 2758 Quid
731 2673 795 2738 hoc
806 2673 896 2738 eliud
914 2683 979 2752 est,
995 2695 1096 2760 quam
1110 2693 1208 2738 cons·

182 2770 307 2826 lenset
334 2770 490 2848 perpetua
517 2761 689 2826 voluntas?
717 2763 830 2848 Ergo,
856 2761 938 2826 dum
962 2762 998 2826 in
1022 2759 1209 2828 definitione

182 2847 419 2916 nostradicitur
430 2849 586 2933 :jrtstitiu
602 2862 651 2915 est
661 2850 1210 2940 constaneetperpetuovoluntas,
1268 2911 1272 2920 .

182 2937 319 3028 perinde
333 2947 379 3000 est
393 2961 405 3019 ‚⁴
419 2959 456 3002 ac
471 2937 496 3002 si
511 2937 639 3004 dicetur
651 2987 660 3019 ‚
672 2939 793 3024 justitia
809 2951 855 3004 cst
869 2939 991 3020 v'irtus3
1006 2951 1041 3004 ut
1055 2939 1119 3004 hoc
1132 2939 1214 3006 adeo

67 3048 73 3056 “
184 3032 225 3093 sit
236 3049 337 3112 genus
352 3027 386 3090 in
403 3026 465 3090 hac
477 3026 674 3094 definitione.
689 3027 829 3110 Accedit
842 3027 1020 3094 differentia
1039 3027 1212 3117 specifica:

185 3139 290 3182 eurem
311 3117 430 3202 cuique
450 3117 634 3182 tribuendi.
652 3117 694 3182 In
713 3140 752 3183 eo
776 3115 882 3184 differt
899 3117 1020 3204 justitia
1042 3140 1061 3182 o
1081 3118 1214 3204 reliquie

184 3203 372 3273 virtutibus.
392 3203 481 3268 Nam
506 3206 607 3294 pietas
629 3203 701 3271 Deo
724 3205 851 3272 cultum
872 3229 970 3288 suum
984 3205 1116 3282 tribuit,
1133 3219 1215 3275 tem·

186 3291 335 3385 perantia
348 3292 410 3381 ipsi
421 3294 615 3382 temperanti
629 3305 778 3384 prestet,
790 3295 877 3384 quod
893 3295 996 3362 virtus
1009 3307 1043 3361 et
1055 3295 1214 3366 decorum

185 3382 331 3538 postulet
345 3381 488 3467 :justitia
510 3394 620 3448 autem
637 3384 792 3474 proximo
814 3385 949 3466 tribuit,
970 3385 1059 3472 quod
1075 3385 1136 3474 ipsi
1153 3385 1214 3452 de·-

213 3482 300 3536 otur:
314 3469 402 3555 Ergo
416 3482 462 3535 est
479 3483 628 3536 constans
650 3485 682 3538 et
696 3485 852 3562 perpetue
874 3475 1024 3552 voluntas
1043 3475 1095 3566 jus
1117 3496 1217 3544 suum

188 3561 308 3648 cuique
326 3559 500 3622 tribuendi.
525 3560 611 3626 Utut
629 3573 739 3626 etitem
762 3562 885 3652 optima
902 3565 941 3642 sit
962 3564 1031 3628 hecc
1049 3562 1216 3646 definitio,

188 3673 259 3716 non
272 3647 409 3713 absurde
425 3659 537 3714 tamen
555 3647 658 3736 quaeri
700 3662 798 3730 otest,
820 3675 864 3720 nn
879 3653 1001 3741 justitio
1016 3653 1069 3718 hio
1083 3652 1217 3720 definite

190 3739 233 3804 sit
252 3737 326 3804 finis
351 3735 655 3826 tur-isprudentiaet'
709 3752 723 3805 t
745 3742 955 3830 quaestionem
977 3741 1220 3828 intelligamus,

192 3827 362 3896 sciendum
380 3837 426 3894 est
435 3876 448 3914 ,
457 3827 643 3932 justiliam
659 3851 722 3898 esse
745 3831 931 3923 duplicem,
947 3830 1113 3902 moralem
1125 3842 1157 3900 et
1168 3831 1220 3901 ci-
