2710 4504
846 179 859 236 l

243 271 284 356 7⁶
574 277 932 365 onomaton.

238 380 350 468 paullo
360 382 545 473 diligentius
555 388 666 456 labore
674 391 738 458 hoc
749 389 895 462 defuncti
906 389 1038 456 fuissent
1046 380 1271 452 Tribonianus

236 479 269 532 et
282 471 371 537 socii·
386 475 451 540 Sed
468 475 616 566 perfectis
630 480 680 545 his
691 481 840 570 operibus
852 479 961 546 statim
978 473 1148 566 apparuit,
1163 468 1267 536 Codi-
1296 501 1308 512 -

235 579 309 623 cem
324 561 343 626 J
346 564 563 632 ustiniuneum
579 580 613 634 et
626 589 783 635 mancum
797 593 862 636 esse
878 580 911 634 et
928 569 963 632 in
977 564 1088 630 multis
1104 559 1266 652 capitibus

233 645 404 718 Pandectis
417 654 591 726 adversati.
609 659 697 724 Hinc
714 659 797 724 nibil
812 657 948 726 remedii
965 663 1146 744 supererat,
1160 669 1264 738 quam

234 749 273 800 ut
292 739 491 811 lastinianus
507 745 635 834 juberet
655 769 782 814 novum
805 747 952 814 codicem
973 743 1045 810 fieri
1064 753 1097 808 et
1118 740 1269 830 priorem}

234 823 331 929 illum
355 830 498 915 aboleri3
519 835 554 902 id
579 837 668 926 quod
693 839 792 904 etiam
814 825 939 902 iadtum
961 855 1049 901 auno
1070 831 1147 898 554.
1175 827 1268 892 Hinc·

233 918 464 1006 intelligimus,
484 947 545 990 cur
564 927 602 1012 ς..
613 927 659 994 V.
680 925 924 1006 monuerimus,
943 923 1090 990 codicem
1106 915 1266 985 Iustinia-

233 1026 335 1071 neum
348 1009 444 1078 hodie
457 1035 526 1079 non
538 1015 679 1104 amplius
689 1028 834 1082 exstare:
849 1014 1059 1102 intelligimus
1073 1009 1191 1087 etiam,
1204 1027 1266 1072 cur

232 1093 348 1162 Codex
357 1113 480 1183 noster,
495 1103 552 1192 qui
565 1105 600 1170 in
613 1101 759 1196 Corpore
773 1105 790 1171 J
794 1105 860 1171 nris
869 1115 990 1183 exstat,
1005 1111 1138 1168 vocetur
1152 1095 1266 1162 Codex

231 1187 387 1271 repetitos
405 1191 665 1278 praelectioniaa
688 1196 810 1261 revisus
830 1193 921 1260 enim
944 1203 977 1258 et
1001 1190 1159 1257 severiore
1183 1206 1267 1266 cura

156 1289 166 1300 ·
233 1277 424 1344 emendatus
432 1292 478 1368 est
490 1281 595 1347 codex
606 1283 661 1348 ille
670 1285 778 1387 prior,
788 1283 900 1350 multis
912 1281 1027 1347 additis
1036 1290 1068 1344 et
1078 1273 1264 1368 expunctis.

233 1361 332 1430 Unde
346 1364 487 1451 factum,
502 1383 539 1436 ut
552 1371 589 1436 in
601 1372 859 1440 institutionibus
873 1371 988 1438 nostris
999 1368 1112 1434 Codex
1127 1366 1267 1446 citetur,

231 1455 266 1516 et'
280 1453 315 1518 in
334 1469 445 1524 nostro
460 1471 571 1528 temen
590 1461 700 1528 codice
713 1463 804 1528 locus
821 1462 876 1528 ille
893 1481 1056 1546 nusquam
1072 1453 1265 1546 reperiatur.

231 1539 357 1610 Prodite
370 1549 459 1613 euim
471 1549 525 1615 hic
537 1549 641 1616 codex
656 1563 765 1618 noster
779 1563 851 1642 post
865 1549 1100 1626 Institutiones,
1119 1537 1266 1630 adeoque

231 1630 266 1695 in
277 1631 315 1698 iis
326 1657 393 1700 non
406 1635 466 1704 nisi
472 1638 575 1730 prior,
583 1639 783 1706 lastinianus
797 1637 904 1732 potuit
915 1636 1059 1724 allegari.
1072 1632 1174 1699 Citari
1184 1631 1267 1696 solet

233 1719 348 1788 Codex
376 1725 443 1808 its,
468 1739 528 1809 ut,
556 1729 725 1834 praemisso
746 1751 886 1796 numero
910 1727 1008 1814 legis,
1034 1736 1066 1790 et
1088 1720 1266 1810 aliquando

232 1807 265 1898 ς.
277 1811 468 1900 subjiciatur
482 1815 521 1883 C.
539 1841 671 1907 siguum
689 1819 834 1902 Codicis,
851 1831 884 1885 et
898 1815 1013 1884 deinde
1032 1812 1161 1880 rubrica
1178 1806 1265 1874 tituli
1352 1811 1354 1822 ⁴

232 1897 479 1991 subjungatur3
499 1930 528 1972 e.
550 1929 582 1996 g.
605 1909 628 1973 l.
649 1905 713 1990 42,
733 1911 764 1996 ς.
815 1907 880 1990 ,C.
903 1907 945 1974 de
963 1905 1081 1994 Epioe.
1096 1911 1130 1968 at
1143 1899 1264 1966 cotie.

233 1987 293 2055 lib.
320 2011 349 2072 ι’,
378 1997 431 2060 tit.
444 1999 477 2062 3;
498 1995 714 2064 Materianum
731 1932 812 2064 ordi)
827 1995 916 2064 idem
931 1993 996 2062 sere
1012 1991 1108 2083 estin
1122 1987 1263 2069 Codice,

233 2079 337 2162 quiin
352 2083 510 2168 Digestis,
525 2085 585 2150 nini
598 2085 686 2174 quod
698 2089 733 2151 in
744 2086 863 2156 Codice
874 2085 1117 2176 praemittantur
1133 2077 1266 2146 Consti·

233 2168 375 2238 tutiones
394 2173 434 2236 de
454 2174 488 2238 S.
502 2173 537 2239 S.
549 2173 727 2258 Trinitate,
745 2173 784 2242 de
797 2174 959 2253 Ecclesiis,
970 2169 1157 2250 Haereticis,
1171 2165 1267 2269 Epis·

233 2258 338 2346 copis,
354 2281 387 2324 et
401 2261 591 2347 subjiciatur
605 2263 664 2330 lus
674 2263 849 2330 Publicum
864 2263 920 2330 lib.
934 2259 989 2328 XI
1000 2273 1032 2327 et
1043 2259 1134 2340 XII,
1156 2277 1212 2346 qut
1231 2253 1267 2320 id

234 2367 364 2438 quoque
379 2350 543 2438 singulare
561 2351 700 2435 habent,
716 2365 773 2435 ut,
787 2353 813 2418 si
825 2375 868 2418 ex
879 2353 916 2419 iis
927 2353 983 2418 lex
995 2353 1130 2428 citetur,
1145 2358 1178 2412 et
1191 2343 1268 2410 libri

233 2445 267 2498 et
285 2436 372 2502 tituli
387 2461 544 2507 uumerus
561 2437 678 2530 subjici
695 2443 814 2517 soleata
827 2465 856 2508 e.
872 2465 905 2530 g.
922 2441 944 2508 l.
962 2441 1005 2522 I,
1030 2440 1068 2507 C.
1089 2433 1267 2530 defundis

202 2526 428 2595 ‘etmltibus
438 2531 493 2597 rai
502 2531 697 2598 dominicae.
711 2531 771 2598 lib.
783 2529 850 2598 XI
856 2542 925 2614 ,tab
942 2531 999 2598 66.
1177 2539 1182 2551 '

606 2701 638 2788 ς.
661 2701 724 2768 xr
741 2662 778 2768 'es
798 2699 897 2804 xn.

279 2844 509 2938 Periectojam
518 2847 666 2938 Corpore
671 2849 691 2915 J
692 2848 760 2914 uris
769 2849 876 2916 multa
886 2871 973 2917 nova
986 2871 1045 2914 suo
1055 2867 1149 2914 more
1159 2846 1270 2922 sanxit

233 2938 456 3020 imbuimus,
478 2939 624 3027 adeoque
642 2939 762 3006 sensim
783 2939 978 3028 prodierunt
994 2957 1095 3026 quam
1116 2937 1271 3026 plurimae

233 3028 497 3109 constitutiones,
512 3051 588 3117 qnae
602 3027 675 3096 ideo
693 3029 855 3098 Novelloe
868 3027 1070 3094 dicebantur.
1080 3027 1144 3091 Eae
1163 3023 1271 3092 maxa

233 3137 325 3186 mam
342 3129 470 3206 partem
484 3136 588 3205 guasco
601 3117 728 3206 scriptu
739 3128 848 3200 etant,
866 3117 942 3204 quia
955 3116 1025 3205 jam
1038 3116 1150 3202 lingua
1165 3117 1268 3182 latina

233 3207 270 3275 in
284 3207 434 3274 orientali
446 3208 586 3296 imperio
604 3207 778 3296 paullatim
793 3227 981 3274 evanescere
998 3218 1152 3294 coeperam
1170 3206 1271 3270 No'n-

234 3297 341 3364 nullas
350 3307 464 3364 tamen
473 3298 573 3370 etiam
583 3296 682 3368 latine
718 3295 846 3362 rediise
857 3297 892 3362 in
900 3298 1003 3362 ιιοῑα.π
1012 3295 1269 3362 observavimus.

234 3386 389 3452 Cetertm
404 3385 525 3474 triplex
542 3395 648 3450 exstat
665 3319 920 3452 &succussu
935 3384 1052 3450 editio:
1076 3395 1271 3470 1⁹·graecns

233 3487 358 3554 ternus,
379 3495 479 3561 quem
492 3497 510 3540 e
525 3473 621 3552 variis
639 3473 805 3542 codicibus
816 3473 1120 3562 eruitiicrimgerus
1133 3474 1272 3554 Scotusa

235 3573 285 3632 2⁰·
302 3563 405 3628 versio
417 3561 518 3628 latina
529 3563 602 3628 stilo
612 3559 749 3631 cultiore
761 3562 918 3628 adornata
932 3585 951 3628 a
964 3563 983 3628 J
987 3563 1096 3629 uliano
1104 3613 1114 3644 ‚
1129 3563 1275 3652 patricio

233 3664 267 3720 et
281 3663 479 3718 autecessore
488 3701 498 3733 ,
510 3653 567 3741 qui
604 3652 692 3717 aullo
703 3663 777 3741 post
786 3652 1009 3718 iustinianum
1019 3652 1114 3718 vixit.
1129 3653 1175 3716 Ea
1190 3674 1275 3741 pro-

154 3787 168 3804 .
235 3743 296 3808 diit
307 3741 393 3808 Pur.
410 3741 493 3830 1589
504 3766 514 3820 ς
527 3753 560 3808 et
575 3675 619 3808 il.
633 3742 781 3830 vulgata,
799 3741 938 3810 barbaro
948 3742 1022 3809 stilo
1032 3753 1066 3806 et
1076 3740 1276 3810 obscuriori-

234 3831 295 3901 bus
316 3829 421 3902 verbis
439 3829 586 3904 cortiecta
601 3854 620 3898 a
634 3815 743 3900 niuno
762 3853 844 3924 quo,
865 3853 939 3922 quae
958 3831 1163 3926 innCorpore
1185 3829 1279 3898 luris
