2756 4504
261 383 361 474 ὅςθβ
493 375 697 452 tuma
722 383 782 469 11,
808 383 916 453 rrr.
940 381 1017 454 rv.
1136 382 1140 386 ·

614 558 647 642 ς.
669 543 954 625 ccccxvii.

185 741 191 752 ·
305 715 359 781 Ex
373 713 437 780 hac
450 735 530 802 ergo
542 712 728 780 definitione
742 711 836 782 secde
849 725 956 804 patet,
972 735 1054 802 quos
1069 709 1194 780 finctus
1207 725 1280 798 per·

261 803 363 895 cipiat
382 801 650 870 usufructuariae.
666 804 861 871 Notandum
873 807 1023 886 axioma,
1036 800 1278 890 usufructario·

262 892 528 982 omnesfiuctua
544 891 740 980 eumfacit,
754 917 839 983 quos
895 894 945 959 rc'
968 896 1021 973 u,
1033 893 1136 958 modo
1148 890 1218 954 sint
1228 909 1279 952 or-

165 965 212 1008 s
262 983 407 1050 dinarii.
429 983 506 1047 Jam
525 1005 604 1048 cum
625 979 750 1048 finctus
767 983 832 1048 sint
848 1005 888 1050 ve
904 1001 908 1012 ·
922 982 1085 1046 naturales
1102 981 1156 1046 vel
1175 977 1279 1043 indus·

259 1069 386 1153 triales,
396 1071 487 1136 etilli
499 1083 617 1136 natura
630 1071 842 1162 proveniant,
857 1071 957 1138 veluti
967 1069 1065 1136 soetus
1076 1066 1281 1142 animalium,

260 1157 408 1238 imnum,
422 1170 486 1226 etc.
500 1159 662 1226 hiantem
680 1161 852 1228 accedente
870 1159 982 1238 labore
1001 1170 1035 1224 et
1055 1157 1212 1222 industria
1225 1174 1279 1243 pa-

260 1246 478 1328 etfamilias,
499 1248 601 1313 veluti
615 1251 743 1332 messis,
765 1247 891 1316 fructm
911 1249 1068 1314 arborum
1082 1271 1092 1308 t
1109 1245 1282 1334 quaeritur,

262 1344 310 1404 1⁰·
325 1358 369 1401 an
382 1335 640 1404 usufiuctuarius
657 1341 824 1427 utriusque
837 1335 963 1428 generis
973 1337 1100 1404 fructus
1115 1330 1282 1421 adquirat?

260 1426 388 1494 Omnes
401 1425 469 1491 sine
483 1425 686 1510 discrimine,
707 1429 784 1516 quia
806 1426 1007 1496 ususfructus
1023 1438 1069 1492 est
1087 1427 1144 1512 jus
1158 1420 1282 1498 utendi,

258 1513 391 1581 fruendi
406 1541 415 1579 ε
431 1513 565 1580 uti-frui
578 1528 689 1582 autem
703 1541 803 1602 omne
816 1540 917 1606 genus
929 1516 1184 1582 commodorum
1197 1531 1281 1576 com·

262 1603 429 1696 plectitur.
454 1603 624 1692 Objiciunt
643 1608 675 1691 ς.
694 1609 742 1672 35
749 1657 761 1687 ‚
774 1607 865 1674 Inst.
880 1608 924 1676 de
937 1629 1003 1672 rer.
1020 1606 1124 1670 divis.
1139 1601 1196 1666 ubi
1209 1597 1281 1664 dici-

259 1705 335 1775 tur,
350 1690 476 1760 fructus
489 1693 615 1783 percipi
630 1717 692 1783 pro
706 1695 834 1761 cultura
849 1707 882 1761 et
896 1718 995 1777 cura,
1009 1694 1096 1758 unde
1110 1691 1281 1776 colligunt,

259 1793 394 1848 tantum
418 1781 528 1847 deberi
554 1783 778 1866 industrialcs3
802 1786 858 1849 sed
880 1786 980 1851 istum
1004 1782 1200 1870 sompnium
1219 1778 1282 1864 jam

263 1872 447 1938 exemimus
460 1873 491 1956 §.
508 1872 586 1960 577.
602 1872 706 1938 Porro
727 1873 772 1938 2⁰.
795 1875 898 1962 quaeri
908 1875 1008 1952 solet,
1028 1895 1070 1936 an
1087 1868 1282 1934 usufructua-

188 2025 234 2050 μ
259 1961 331 2028 rius
345 1959 632 2044 etthegaummjn
645 1959 748 2026 {itudo
760 1975 931 2052 repertum
942 1983 1039 2027 suum
1055 1958 1178 2026 faciat?
1193 1957 1280 2042 Rep.

260 2049 297 2116 id
310 2047 500 2136 negandum
512 2071 576 2115 esse
589 2099 599 2132 ‚
610 2049 656 2137 'ob
675 2050 698 2116 l.
712 2071 758 2138 y,
780 2053 812 2137 §.
834 2073 870 2116 12
881 2101 893 2131 ,
898 2050 947 2140 ff
965 2051 1066 2115 solut.
1084 2060 1189 2114 nratr.
1203 2045 1282 2110 Nam

260 2139 443 2205 secundum
457 2138 589 2204 axioma
602 2152 752 2204 nostrum
773 2139 1030 2206 usufructuarius
1051 2137 1142 2225 capit
1164 2145 1283 2200 tautum

259 2224 387 2292 fructus
401 2227 598 2308 ordinarios,
612 2227 648 2293 in
662 2229 713 2294 his
730 2240 840 2296 autem
852 2251 921 2296 non
933 2239 1010 2294 sunt
1030 2225 1186 2292 thesauri.
1202 2223 1283 2288 Fun-

260 2315 321 2380 dos
334 2316 423 2382 enim
436 2327 470 2381 et
488 2337 584 2402 agros
596 2338 665 2382 non
684 2317 858 2400 habemus,
873 2330 911 2384 ut
928 2317 974 2384 ibi
988 2317 1156 2384 thesauros
1169 2331 1284 2400 quare·
1343 2325 1344 2370 t

261 2423 356 2486 mus,
370 2404 426 2468 sed
439 2415 477 2468 ut
492 2427 546 2470 eos
565 2405 722 2470 colamus.
743 2407 931 2492 Quaeritur,
953 2407 1011 2472 3⁰..
1022 2428 1066 2470 an
1083 2401 1283 2468 usufructua-

260 2493 331 2560 rius
344 2491 526 2581 praedium,
538 2515 581 2559 ex
596 2517 662 2581 quo
672 2493 915 2574 usumfructum
933 2493 1037 2582 capit,
1053 2493 1153 2582 possit
1153 2486 1283 2584 Q?

260 2581 364 2670 Resp-
385 2580 545 2648 Omnino.
568 2582 669 2670 Quod
688 2584 778 2648 enim
803 2585 874 2672 quis
895 2583 1016 2662 habet,
1039 2595 1072 2648 et
1095 2581 1131 2644 in
1153 2579 1282 2645 alterum
1342 2589 1343 2610 ³

260 2667 420 2736 transfere
435 2682 559 2758 potest,
580 2693 641 2738 nec
655 2672 786 2744 interest
805 2671 1029 2775 proprietarii,
1050 2671 1160 2758 ipsene
1182 2677 1282 2763 utatur

261 2757 523 2824 usufructuarius
531 2807 542 2840 ‚
556 2781 600 2824 an
613 2759 681 2846 ejus
691 2762 824 2828 nomine
839 2763 922 2828 alius
930 2809 941 2842 ,
953 2761 1054 2829 modo
1069 2758 1131 2847 ipsi
1152 2755 1235 2824 salva
1248 2761 1282 2816 stt

261 2871 377 2916 rerum
390 2847 579 2914 substantia.
593 2849 748 2916 Vendere
761 2873 840 2937 ergo
853 2850 951 2916 etiam
957 2835 1069 2938 potest
1086 2845 1227 2923 fiuctus3
1244 2840 1281 2904 sic

198 2980 236 3006 -a
260 2935 351 3004 enim
365 2959 463 3003 suum
477 2937 589 3004 vendit
599 2963 607 3002 ε
617 2951 804 3006 nontamen
814 2961 911 3004 strum
924 2940 973 3004 'us
984 2938 1112 3017 cedere,
1123 2935 1200 3022 quia
1213 2949 1281 2997 cum
1341 2947 1342 2954 ’

261 3047 401 3117 persona
415 3048 472 3092 sua
487 3025 649 3114 exspirat,
664 3017 770 3092 multo
784 3029 892 3094 minus
903 3049 975 3094 rem
985 3011 1200 3092 ffictuariam
1211 3039 1283 3088 ven·

261 3113 339 3182 dere
349 3165 359 3198 ,
370 3115 493 3206 quippe
505 3137 580 3204 quae
592 3115 635 3182 ad
644 3117 899 3205 proprietarium
909 3117 1062 3206 pertinet.

305 3265 415 3323 Omnes
432 3267 495 3322 sine
512 3263 711 3343 decumana]
732 3265 883 3326 Consonat
906 3265 979 3324 cod.
1002 3265 1086 3342 Nep.
1110 3277 1165 3321 are.
1188 3259 1242 3322 532
1258 3266 1286 3312 ct

75 3415 78 3422 Ι
259 3363 342 3496 “ig'-
360 3437 407 3496 Iu's
425 3452 523 3496 autem
542 3461 602 3498 nou
619 3439 857 3521 attenderam]
878 3443 924 3501 Ita
939 3455 969 3502 et
985 3443 1100 3520 pionius
1117 3439 1187 3500 cod.
1204 3438 1279 3510 Nar·

259 3535 315 3578 art.
331 3518 387 3597 598
400 3522 432 3577 in
435 3521 517 3594 fine.
1339 3527 1340 3576 i

302 3615 372 3672 Non
393 3615 658 3685 tamenjussuum
675 3615 935 3696 cedere.]1mmt,
952 3617 1060 3678 Codice
1078 3627 1181 3674 nostro
1201 3613 1280 3670 frue-

260 3696 379 3756 tuarius
391 3713 453 3752 non
466 3697 557 3753 modo
570 3698 697 3756 vendere
707 3711 736 3756 et
745 3700 843 3757 locare
852 3699 902 3772 jus
914 3717 1003 3758 suum
1014 3709 1112 3774 potest
1122 3695 1190 3770 ,sed
1200 3694 1280 3752 etiam

259 3777 336 3840 illud
348 3775 395 3836 rel
408 3788 548 3836 extranco
563 3779 666 3840 cedere
678 3779 766 3842 titulo
778 3781 921 3861 gratuito.
936 3791 992 3840 art.
1001 3779 1067 3860 595.
1120 3781 1125 3796 '
