2710 4504
249 347 339 420 ,seo
469 357 472 364 ·
567 321 1043 405 LIBER.1·,'1¹1T.11..

270 437 428 514 Naturae,
461 443 495 498 et
516 444 647 500 tantum
670 433 701 499 ei
725 434 980 501 circumstantias
1005 432 1159 522 quaedam
1186 431 1291 514 addit,

270 525 407 592 omnino
422 535 508 588 recte
529 523 606 588 fita
627 544 837 610 quocumque
852 523 1053 610 *legislatore
1077 525 1116 588 Ε.
1142 546 1175 610 g.
1201 535 1288 612 pacta

270 628 347 681 sunt
360 611 516 680 servanda
527 623 599 692 „est
614 613 701 676 Juris
714 611 860 681 Nature·
882 614 940 677 Jus
954 613 1055 678 Civile
1070 612 1196 677 addidit·
1210 613 1289 676 hanc

270 701 570 781 circumstantiam,
593 713 629 765 ut
643 713 737 790 pacta
754 725 820 768 nen
838 703 901 766 sint
918 698 1027 782 nuda,
1043 702 1099 766 sed
1118 713 1203 772 certa
1218 723 1290 764 cum

270 792 476 880 stipulatione
490 791 676 876 conjuncta.
693 789 770 854 Non
779 802 972 876 mutatergo
984 791 1152 878 regulam,
1165 789 1217 858 aed
1229 789 1290 854 eir·

270 881 499 946 cumstantiam
511 879 617 958 addit,
632 901 735 966 quam
745 880 874 966 exigere
887 880 1056 947 videbatur
1069 890 1170 947 status
1185 879 1297 965 reipsa--

270 970 374 1035 bticae.
396 972 440 1036 Et
455 970 495 1044 de
510 970 573 1036 hae
586 969 852 1058 attemperatione
865 969 930 1034 Jue
942 967 1102 1036 Nostrum
1120 969 1163 1036 ad
1178 979 1295 1034 statum.

270 1059 401 1128 ciuilem
416 1059 561 1146 loquitur
575 1057 608 1122 d.
623 1057 646 1122 l.
664 1061 703 1139 6,
712 1081 769 1145 pr.
783 1057 928 1124 deJuat.
944 1067 976 1122 et
986 1057 1085 1124 Juret
1106 1119 1109 1126 ,
1179 1073 1190 1130 ζ·
1223 1076 1231 1090 ·

695 1209 726 1294 e.
757 1179 881 1304 xer,

312 1361 531 1428 Definirimus
542 1361 561 1425 J
565 1379 600 1426 us
611 1359 748 1424 Naturae
762 1385 770 1423 ε
784 1359 862 1447 quid
879 1380 956 1425 vero
970 1359 989 1424 J
991 1383 1028 1424 us
1041 1357 1225 1426 Gentium?
1238 1353 1291 1424 tta

269 1457 384 1542 iyoeum
399 1453 465 1545 jue
492 1449 657 1515 naturate*
674 1449 890 1536 integrarum
910 1451 1069 1538 gentium
1090 1449 1236 1537 negotiic
1262 1455 1290 1510 et

267 1543 398 1610 cauaaia
412 1541 635 1626 adplicatum.
650 1536 729 1600 Non
740 1559 818 1624 ergo
837 1537 889 1622 jus
903 1548 1027 1602 naturae
1044 1549 1076 1602 et
1085 1538 1140 1626 jus
1151 1537 1290 1624 gentium

266 1644 343 1698 suist
363 1630 429 1694 duo
447 1630 570 1694 diversa
583 1629 679 1713 jura,
695 1637 733 1690 ut
747 1626 806 1690 sibi
817 1637 1045 1714 persuaserunt
1060 1639 1182 1692 veteres
1193 1625 1291 1690 Juris-

266 1719 405 1786 consutti
428 1717 608 1783 scholastici
631 1727 663 1780 et
685 1715 752 1805 ipse
774 1715 998 1794 Grotiu33sed
1015 1737 1121 1780 unum
1146 1715 1290 1800 idemque

265 1813 341 1902 jus:
361 1817 423 1898 prd
440 1807 565 1872 diverso
578 1803 743 1892 subjecto,
763 1805 862 1869 mode
879 1805 1026 1869 naturale
1045 1805 1183 1886 dicitur,
1198 1802 1291 1870 modo

270 1901 429 1990 gentium.
459 1897 493 1962 Si
513 1897 600 1960 enim
621 1893 756 1980 negotiis
776 1905 808 1959 et
832 1889 946 1958 caussis
969 1886 1175 1982 piivaterum
1191 1889 1289 1980 adpli·
1337 1973 1338 1978 ἵ

270 2003 386 2070 eatur,
403 1987 531 2053 dieitur·
544 1985 562 2049 J
567 2007 602 2048 us
616 1983 774 2048 Naturale
789 2009 797 2045 z
812 1983 861 2046 sin
877 1983 1012 2068 negotiis
1032 1995 1065 2048 et
1085 1983 1204 2048 oan'ssi's,
1216 2003 1291 2068 gen-

242 2092 244 2100 ‘
267 2081 368 2156 tium,
381 2077 499 2142 dieitur
510 2073 528 2138 J
531 2097 567 2136 tis
576 2073 745 2136 Gentium.
757 2073 797 2138 E.
807 2071 851 2136 G.
869 2083 961 2158 pacta
972 2083 1047 2135 sunt
1061 2072 1217 2138 servanda
1231 2120 1239 2149 ‚
1251 2079 1294 2132 est
1337 2103 1338 2154 3

258 2192 260 2194 ’
272 2169 386 2255 regula
396 2167 414 2231 J
417 2165 482 2230 uris
491 2161 613 2226 Nostri.
624 2161 657 2225 Si
667 2161 842 2246 tingamus,
855 2159 981 2226 Titium
992 2158 1291 2265 Maeviopromisisse
1337 2181 1338 2184 ¹

272 2278 337 2323 100
357 2277 491 2332 aureos,
515 2273 630 2338 eosque
656 2271 724 2314 iren
747 2261 917 2338 praestare,
932 2249 1094 2333 dicemus,
1116 2251 1208 2316 iilum
1225 2248 1291 2312 vio·

270 2349 349 2413 lasse
366 2345 384 2409 J
387 2367 423 2408 us
439 2343 592 2419 Natnrae‚
610 2335 684 2426 quia
704 2342 849 2426 privatus
861 2349 998 2425 uterque
1013 2351 1076 2402 est:
1091 2351 1123 2404 at
1144 2341 1171 2405 si
1189 2339 1294 2424 finge-⁴

273 2459 349 2500 mus
359 2431 464 2498 foedus
476 2429 560 2494 inter
572 2453 603 2492 se
619 2439 729 2516 pactos
746 2426 906 2514 Hispanos
918 2439 1014 2514 atque
1025 2429 1139 2494 Gallos
1148 2441 1195 2508 ‚et
1204 2429 1293 2492 atter·

271 2537 383 2589 utram
406 2531 533 2608 gentem
551 2540 619 2582 non
636 2515 813 2580 satisfacere
839 2515 961 2603 legibus
984 2517 1072 2580 istius
1086 2517 1232 2598 foederis3
1247 2513 1293 2578 di·

270 2635 400 2692 cemus,
421 2631 493 2674 eam
523 2619 654 2693 gentem
672 2602 877 2692 foedifragam
904 2627 968 2670 esse
991 2617 1105 2670 contra
1128 2609 1187 2672 Jus
1208 2605 1294 2672 Gen·

268 2704 379 2782 tium3
395 2711 428 2764 et
447 2710 558 2761 tamen
576 2695 662 2760 idem
678 2696 731 2780 jus
745 2705 917 2782 utramque
936 2695 1027 2781 jussit
1042 2707 1139 2784 pacta
1160 2715 1292 2760 serrare.

270 2795 377 2869 Sunt,
395 2788 451 2876 qui
467 2785 639 2873 objiciant,
652 2806 688 2848 ea
702 2795 832 2864 tamen,
850 2805 922 2872 quae
940 2794 1015 2848 sunt
1036 2783 1124 2849 Juris
1139 2783 1293 2850 Gentium

270 2877 477 2956 secundarii,
501 2867 568 2938 tion
590 2895 680 2964 posse
698 2894 739 2936 ex
763 2872 842 2935 Jure
866 2872 1014 2936 Naturali
1031 2873 1194 2956 derivari,
1216 2895 1244 2937 e.
1262 2891 1291 2958 g·
1336 2879 1337 2884 ’

270 2972 353 3038 bella
371 3019 380 3050 ,
400 2965 584 3044 servitutes,
602 2975 686 3042 etc,
706 2961 849 3047 adeoque
864 2961 934 3024 dari
946 2961 1003 3024 Jus
1014 2961 1175 3027 Gentium
1188 2986 1207 3028 a
1219 2965 1293 3028 Jure

271 3058 428 3127 Naturali·
443 3055 627 3133 diversum,
649 3050 716 3115 vid.
736 3051 824 3114 Sam.
853 3049 1027 3114 Rachelius
1050 3053 1088 3116 in
1114 3053 1198 3118 diae.
1223 3051 1293 3116 ain-

270 3149 393 3242 gotart
409 3146 451 3210 de
468 3145 555 3207 Jure
572 3140 734 3206 Gentium
750 3147 782 3204 et
797 3138 834 3202 B.
851 3138 1004 3203 Huberus
1015 3139 1160 3227 digram.
1177 3139 1234 3206 lib.
1248 3145 1270 3216 5
1281 3187 1292 3218 ,
1336 3147 1337 3214 i

219 3267 221 3270 ’
272 3267 301 3306 c.
316 3263 362 3323 91,
379 3235 433 3299 sed
441 3234 511 3321 jam
524 3227 929 3308 ostendit·PuffendoriiuS‚
942 3227 1050 3292 omnia
1061 3277 1070 3309 ,
1083 3246 1163 3316 'quae
1179 3229 1218 3293 ad
1240 3229 1295 3293 dus
1336 3231 1337 3253 ¹

272 3325 431 3394 Gentium
449 3319 676 3383 secundariam
695 3315 807 3382 referri
828 3316 950 3397 solent,
969 3318 1021 3381 vel
1042 3339 1106 3382 esse
1127 3329 1201 3384 v'ere
1224 3318 1293 3384 Jur.

271 3417 351 3480 Nat.
370 3425 405 3474 ut
419 3410 564 3484 betium3
586 3408 637 3470 vel
654 3417 783 3469 tantum
799 3427 841 3470 ex
856 3405 999 3470 moribus
1013 3407 1160 3490 gentium
1175 3406 1293 3484 fluere,

273 3505 418 3588 adeoque
439 3499 457 3562 J
462 3497 526 3560 uris
545 3497 649 3583 potius
668 3494 779 3558 Civilis
795 3508 879 3573 esse,
901 3515 1001 3581 quam
1013 3495 1195 3576 Gentium,
1217 3519 1244 3560 e.
1262 3515 1291 3580 g·

275 3591 463 3658 servitutem
482 3585 567 3648 bello
587 3595 783 3672 captorum,
807 3586 859 3667 jus
872 3584 1066 3671 sepulturae,
1087 3598 1149 3652 ete.
1168 3588 1295 3651 Maneat

276 3701 353 3767 ergo
366 3678 500 3741 firmum
516 3683 549 3736 et
563 3673 670 3738 fixum
683 3721 693 3756 ,
708 3693 776 3738 non
790 3672 859 3740 dari
872 3671 930 3740 Jue
943 3673 1101 3742 Gentium
1111 3697 1129 3741 a
1139 3675 1158 3742 J
1160 3697 1217 3740 ure
1229 3671 1293 3738 Na·
1335 3711 1336 3714 =

275 3783 357 3836 turae
376 3766 550 3833 diversum.
804 3781 808 3797 ·
998 3783 1002 3796 ¹
1289 3773 1292 3785 '
