2756 4504
236 291 299 359 DE
320 291 660 364 SERVITUTfflUS
682 291 992 371 PRAEDIORUM.
1061 293 1126 382 587

102 397 244 484 cujusvis
260 402 561 491 patrisfamiliasdd
580 400 689 468 adhuc
706 403 965 485 observandum,
980 403 1016 470 in
1026 405 1129 470 servi·

102 488 226 553 tutibus
250 492 446 556 rusticorum
474 492 673 581 praediorum
703 493 856 558 adcurate
882 493 1129 558 considerandas

101 598 168 642 esse
182 580 364 666 pactiones,
380 579 495 668 quibus
509 583 759 646 constituuntur.
775 581 864 646 Nam
883 583 909 645 si
930 605 959 648 e.
970 603 1013 668 .g.
1033 603 1128 669 aquae
1154 603 1155 607 ’

103 663 258 732 haustum
280 671 422 754 concedo
442 669 541 735 vicini
559 669 703 757 praedic,
724 681 770 734 est
790 670 925 738 servitus
946 671 1127 758 praedialiss
1211 738 1216 762 Ι

101 753 154 820 siu
167 757 308 821 eundem
321 758 473 847 permitto
493 779 637 848 personae
654 757 771 839 vicini,
792 759 853 822 erit
868 760 1002 824 servitus
1016 782 1131 849 perso-

10 927 11 932 *
104 843 198 922 nalis.
221 846 326 930 Priori
351 869 426 912 casu
451 847 514 912 hoc
534 847 585 930 jus
606 858 763 936 perpetuo
787 847 957 913 inhaerebit
976 848 1128 936 praedio:

71 934 73 938 ’
103 935 281 1023 posteriore
300 935 475 1025 exspirabit
496 958 573 1000 cum
591 958 727 1025 persona
749 957 840 1021 aeque
854 959 892 1002 ac
908 935 1129 1014 ususfructus,

105 1047 181 1092 usus
189 1075 198 1106 ,
214 1024 378 1090 habitatio.
390 1025 433 1091 Iit
443 1025 477 1090 id
487 1024 806 1111 observari-videmus
815 1023 851 1088 in
860 1023 883 1088 l.
898 1023 937 1090 s4
943 1073 957 1105 ,
970 1027 1003 1112 §.
1015 1023 1128 1116 ultffi
1173 1103 1175 1108 Ι

107 1116 150 1182 cte
167 1116 263 1182 alim.
277 1115 379 1204 legat.¹

41 1303 44 1312 .
146 1259 215 1314 Non
228 1257 325 1314 solum
342 1255 496 1313 servitutes
511 1275 577 1332 quae
593 1255 626 1312 iu
643 1255 701 1311 hoe
717 1235 904 1331 paragrapho
917 1270 1147 1320 enumerantur,

105 1337 247 1396 constitui
265 1350 410 1412 possunt,
431 1337 482 1394 sed
505 1349 535 1393 et
556 1336 643 1407 aliae,
670 1355 745 1412 quas
765 1339 845 1394 volet
876 1336 1020 1415 cujusque
1041 1339 1129 1397 fundi

106 1421 255 1478 domiuus.
272 1407 578 1494 Cod.‘1tap.art.686.
858 1416 1033 1557 [ΜΛΔ
1062 1453 1205 1524 ιμμἾ

281 1569 322 1668 ’1
378 1559 379 1562 ¹
429 1567 775 1654 §.CCCCXIIL

152 1731 321 1823 Superest,
336 1743 374 1796 ut
387 1729 571 1811 videamus,
585 1730 750 1817 quomodo
764 1717 932 1799 servitutes
949 1731 1131 1800 finiantur?
1164 1736 1185 1800 t
1204 1689 1289 1837 ’sisi

30 1877 34 1882 .
107 1825 290 1914 Eqmdem,
304 1823 384 1887 inse
400 1832 476 1885 sunt
490 1820 543 1908 jus
560 1841 627 1884 non
640 1831 927 1902 momentaneum,
942 1823 997 1890 sed
1015 1845 1133 1914 perpe·
1239 1903 1240 1908 ἵ

108 1929 207 1981 tuum
219 1962 228 1993 ,
241 1914 290 1979 uti
306 1910 416 1976 omnia
423 1910 499 1998 jura
513 1909 548 1974 in
560 1931 611 1988 re,
627 1910 659 1994 §.
671 1909 748 1975 555.
762 1908 825 1973 Sed
843 1932 903 1997 per
913 1911 1061 1978 accidens
1078 1925 1133 1977 ta-

108 2027 190 2072 men
212 2002 397 2087 contingere
422 2009 548 2088 potest,
570 2008 608 2060 ut
631 1997 731 2062 finem
757 1997 929 2086 accipiant.
963 2000 1066 2087 quue
1094 1999 1136 2066 fit

112 2096 160 2160 ι’.
175 2091 453 2156 consolidatione.
467 2087 523 2151 Est
535 2099 644 2152 autem
658 2086 884 2168 consolidatio,
899 2089 1031 2175 quando
1045 2090 1134 2156 idem
1171 2141 1221 2160 ..-

107 2183 150 2250 fit
163 2180 329 2268 utriusque
346 2175 479 2266 praedii,
496 2177 660 2242 servientis
679 2185 711 2240 et
733 2175 949 2258 dominantis,
970 2178 1134 2263 dominus.

107 2273 209 2339 'runc
221 2291 298 2334 sane
313 2265 429 2332 finitur.
437 2265 571 2332 servitus
591 2265 633 2330 ob
657 2265 876 2355 principium,
892 2267 980 2354 quod
992 2269 1023 2353 §-
1046 2269 1134 2357 592,

107 2381 210 2448 supra
232 2356 489 2446 explicavimus,
511 2353 598 2441 quod
619 2377 669 2420 res
690 2377 747 2419 suo
769 2353 905 2453 domiuo
926 2359 1044 2423 servire
1066 2380 1137 2424 nou

94 2447 220 2539 possit.
240 2444 465 2528 Exstinguitur
480 2442 594 2510 deinde
614 2453 659 2508 2⁰.
680 2442 887 2510 remissione.
911 2445 1028 2532 Quum
1044 2448 1137 2516 euim
1166 2495 1175 2510 t

107 2536 247 2603 servitus
274 2531 488 2600 constituatur
512 2533 547 2597 iu
573 2532 686 2621 praedii
712 2531 908 2600 dominantis
939 2536 1136 2618 utilitatem,

51 2663 57 2686 1
108 2629 144 2712 ς.
169 2626 252 2713 592,
274 2635 306 2690 et
326 2622 545 2710 unusquisque
565 2621 634 2708 juri
649 2623 685 2688 in
703 2619 849 2688 favorem
872 2623 923 2688 sui
948 2625 1137 2690 introducto

109 2715 299 2784 renuntiare
312 2711 427 2800 possit,
442 2733 637 2798 consequens
647 2721 711 2792 est,
723 2722 760 2774 ut
771 2721 801 2774 et
812 2711 1014 2778 dominantis
1023 2714 1138 2803 praedii

137 2825 270 2868 ossessor
287 2811 372 2866 recte
392 2800 553 2868 renuntiet
564 2800 630 2883 juri
642 2822 686 2864 ex
699 2799 848 2888 pactione
867 2801 1019 2888 quaesito,
1032 2823 1136 2889 eoque

107 2827 199 2960 dicto
213 2901 310 2978 cesset
320 2889 464 2956 servitus.
479 2891 526 2956 5⁰.
542 2890 582 2954 N
585 2888 711 2954 οη-ιιάιι
727 2909 766 2953 ιο
780 2910 945 2955 annorum
957 2891 1042 2956 iuter
1053 2913 1141 2980 prus·
1244 2939 1246 2942 -

110 2992 235 3061 sentes,
258 3001 300 3046 ao
321 2979 405 3043 inter
422 2978 518 3044 abseu
690 2977 697 2991 '
730 2977 784 3042 '‘in
801 2979 989 3046 uuiversum
1009 2978 1049 3045 de
1064 3002 1141 3045 om·

104 3069 210 3145 ¹nibus
222 3067 459 3138 observandum
470 2979 667 3153 carmus,
679 3066 767 3154 quod
777 3067 1018 3155 prm-scriptione
1033 3089 1072 3135 ιο
1084 3091 1140 3133 an·

110 3180 236 3228 norum
250 3170 283 3224 et
295 3156 423 3244 adquiri
437 3167 469 3222 et
483 3157 589 3222 amitti
600 3157 731 3244 possint.
747 3157 810 3221 Sed
823 3168 856 3220 et
866 3157 919 3220 hic
935 3157 1058 3244 aliquid
1071 3159 1140 3224 sin-

107 3249 229 3337 gulare
248 3247 369 3313 habent
386 3245 551 3310 servitutes
565 3245 769 3316 urbanorum
779 3245 999 3398 praediorum.
1024 3249 1064 3312 ln
1079 3248 1143 3314 illis

109 3337 205 3405 enim
223 3359 291 3400 non
306 3333 426 3400 sufficit
440 3335 525 3398 solus
546 3355 726 3416 uon-usus,
746 3357 780 3400 se,
824 3335 906 3400 alter
927 3335 1021 3401 debet
1041 3339 1141 3405 etiam

101 3425 295 3513 .usucepisse
316 3423 507 3487 libertatem.
532 3424 621 3490 Hinc
639 3421 665 3486 si
686 3423 825 3490 habeam
842 3425 895 3510 jus
913 3424 996 3510 tigni
1013 3425 1143 3499 immit-

10 3539 11 3600 j
106 3514 206 3580 tendi
219 3515 255 3578 in
270 3512 368 3579 vicini
382 3511 555 3600 parietem,
568 3523 601 3578 et
618 3512 699 3579 aedes
708 3535 794 3580 ,meae
806 3513 958 3580 incendio
971 3517 1141 3604 perierint,

10 3639 11 3644 ¹
114 3627 187 3672 nou
200 3601 319 3668 sufficit
332 3601 375 3666 ad
394 3601 606 3668 amittendam
624 3602 834 3683 servitutem,
849 3623 903 3668 me
918 3603 1033 3671 decem
1049 3607 1144 3672 annis

115 3695 250 3778 tignum
265 3714 334 3756 non
350 3689 535 3772 immisisse,
548 3690 603 3754 sed
625 3690 772 3758 vicinum
792 3693 893 3758 etiam
916 3707 1045 3782 oportet
1066 3696 1142 3761 obs-

117 3783 257 3849 truxisse
283 3779 453 3848 foramina.
484 3779 518 3842 si
549 3791 628 3842 tunc
657 3801 717 3866 ego
739 3803 797 3869 per
823 3781 937 3847 decem
959 3805 1061 3848 annos
1082 3785 1144 3850 ad-

117 3872 246 3962 quievi,
256 3869 446 3942 servitutem
463 3867 600 3938 amisisse
619 3868 797 3958 intelligor,
812 3870 835 3938 l.
854 3872 887 3950 6,
894 3871 987 4030 ἓξ,
1000 3873 1042 3940 de
1056 3892 1143 3943 serr.
1258 3927 1260 3934 .

504 3986 507 3992 '
971 3981 990 4030 ²
