2644 4504
133 301 199 372 526
415 303 594 372 LIBER
622 301 681 385 ΙΙ,
704 305 817 374 ΤΙΤ.
840 307 868 374 Ι.

112 425 250 510 Lucii,
265 427 447 507 Curatum,
465 427 550 515 apud
566 428 708 494 Pisanos.
727 429 804 496 lam
821 452 898 496 vero
918 429 1008 499 loeus
1022 427 1158 514 religio*

130 543 184 584 eus
195 518 233 584 fit
249 540 308 606 per
320 518 498 582 illationem
512 517 676 583 cadaveris
692 518 750 604 (δι
759 519 797 606 6)
809 571 818 600 ,
831 540 909 606 ergo
923 519 1158 606 cenotaphium

130 631 200 674 non
218 619 264 672 est
282 605 479 693 religiosum.
501 605 738 676 Dissentiebant
754 609 886 694 quidam
909 620 1031 675 veteres
1049 609 1159 672 luris-

130 696 293 776 consulti,
316 707 350 762 et
374 695 505 782 quidem
526 695 607 760 moti
631 697 821 764 auctoritate
844 697 997 784 Virgilii,
1025 695 1085 762 lid.
1112 699 1157 774 6,

131 786 275 856 AEoeid.
290 811 322 851 o.
342 790 426 863 150,
439 786 492 850 sed
509 807 559 848 res
575 785 680 852 decisa
698 787 853 876 rescripto
869 786 1031 852 Antonini
1041 784 1161 938 lphilo·

131 875 225 964 sophi
242 888 272 940 et
290 875 329 938 L.
346 873 447 952 Veri,
465 875 571 962 lmpp.
588 897 668 958 quos
681 875 801 958 injure
814 888 924 942 nostro
939 877 1029 942 divos
1056 886 1161 938 ratres

132 965 290 1054 appellari
304 963 476 1042 novimus,
492 964 513 1027 l.
524 962 616 1052 7,ff.
634 963 666 1028 lr.
683 977 706 1030 t.
725 973 769 1030 2⁰.
788 965 942 1054 Sepulcra
957 963 1161 1030 commercio

62 1043 111 1074 Α
131 1055 307 1120 hominum
320 1074 383 1118 esse
399 1063 566 1140 exempta,
583 1051 605 1117 l.
623 1075 676 1132 12,
690 1055 720 1139 §.
737 1053 821 1142 1,ff
837 1055 879 1120 de
893 1055 1041 1144 religios.
1058 1054 1080 1118 l.
1100 1049 1160 1131 14,

134 1143 173 1209 C.
190 1144 231 1208 de
245 1143 348 1228 legat.
366 1143 470 1207 Erant
490 1142 578 1206 enim
597 1140 657 1206 diis
678 1145 827 1214 manibus
841 1167 942 1230 saera.
963 1145 1012 1208 At
1026 1141 1166 1230 objiciat

131 1233 223 1320 quis,
248 1229 349 1318 legari
375 1243 506 1310 tomen,
527 1231 630 1296 immo
654 1243 687 1295 et
705 1233 801 1298 vendi
822 1227 960 1321 potuisse
986 1257 1017 1297 se
1041 1233 1163 1313 ulcra,

132 1321 155 1386 l.
171 1319 239 1400 24,
268 1321 304 1385 0.
326 1317 368 1384 de
391 1319 492 1406 legat.
511 1319 615 1384 immo
633 1331 666 1384 et
685 1319 778 1386 luisse
795 1319 965 1388 familiaria
981 1257 1164 1388 etlreredi-

130 1410 211 1474 teria
223 1460 233 1492 ,
248 1433 321 1497 quae
334 1409 413 1474 odeo
427 1409 507 1472 etin
521 1409 719 1497 patrimonio
733 1409 864 1477 familie
879 1410 974 1478 fuisse
986 1421 1137 1502 oporteat
1149 1459 1163 1494 ,

130 1501 155 1564 l.
170 1504 194 1563 5
205 1550 216 1579 ,
233 1501 254 1564 l.
274 1501 298 1563 6
304 1549 313 1578 ,
319 1497 366 1588 ff
383 1501 425 1562 de
440 1499 588 1586 religioe.
605 1499 667 1564 sed
680 1500 874 1588 respondeo,
891 1499 1165 1595 distinguendum

129 1611 194 1654 esse
208 1591 293 1654 inter
302 1589 356 1676 jus
367 1585 540 1676 sepeliendi
553 1599 586 1652 et
599 1589 787 1678 sepulcrum
802 1591 919 1680 ipsum„
936 1587 1022 1656 lllud
1039 1589 1165 1655 eratin
1187 1627 1191 1634 ’

129 1677 243 1758 bonis,
261 1690 292 1744 et
311 1679 388 1741 hinc
410 1677 531 1764 legari,
554 1677 673 1758 vendi,
695 1691 726 1746 et
748 1679 799 1745 vel
822 1674 959 1745 familiae*
972 1689 1044 1745 dom
1070 1690 1165 1744 etere

129 1769 181 1834 vel
202 1767 243 1832 ad
258 1763 389 1832 heredes
406 1767 550 1833 transire
558 1779 685 1856 poterat
701 1767 831 1856 :ipsum
847 1781 956 1834 autem
969 1703 1165 1858 sepulirum

129 1857 252 1922 nullius
271 1857 306 1920 in
328 1855 473 1920 dominio
490 1867 577 1933 erat,
602 1857 745 1944 adeoque
761 1856 843 1924 illud
864 1878 1025 1960 occupare
1046 1857 1166 1924 crede-

129 1945 227 2012 batur
246 1947 381 2032 religio,
404 1955 441 2010 ut
455 1945 495 2008 ad
511 1957 614 2012 certos
632 1947 726 2034 pedes
744 1947 784 2014 in,
797 1945 990 2036 porrectum.
1008 1947 1074 2010 ‘non
1094 1968 1166 2034 po-

129 2037 227 2102 tuerit
244 2056 321 2122 ager
334 2037 396 2098 coli
413 2036 465 2098 vel
483 2035 626 2115 conseri,
647 2037 702 2104 ubi
716 2035 853 2101 cadaver
868 2031 965 2102 stiunt
979 2045 1058 2099 erat..
1074 2035 1163 2101 Vid.

129 2127 279 2216 Antiqn.
297 2137 384 2189 nost.
400 2123 502 2188 Rom.
517 2125 549 2188 lz.
568 2125 654 2190 tl‘50.
672 2125 799 2190 Locu'm
811 2123 966 2212 religione
981 2123 1162 2213 occupari,

129 2217 230 2280 modo
246 2213 292 2278 ibi
313 2225 434 2302 caput,
459 2213 628 2300 tamquam
653 2215 820 2302 praecipua·
833 2228 912 2302 'pars
924 2214 1095 2296 hominis,
1117 2214 1165 2278 eit

129 2305 319 2384 conditum,
334 2305 356 2368 l.
373 2301 441 2381 44,
446 2301 494 2392 ff
510 2303 550 2366 de
564 2303 661 2392 relig.
681 2305 725 2388 Et
741 2303 819 2368 hinc
832 2303 860 2368 'si
874 2303 1059 2394 eadereriu
1076 2323 1163 2390 par-

130 2405 177 2458 tes
186 2404 315 2458 ‘sectum
326 2391 422 2468 rarijs
434 2393 511 2458 locis
524 2387 688 2480 sepultum
702 2405 796 2472 esset,
809 2413 876 2456 non
893 2393 1002 2458 omnia
1018 2391 1073 2456 illa
1084 2391 1164 2460 loca

131 2481 279 2568 religiosa
303 2493 416 2560 erant,
439 2479 558 2558 sedis,
579 2481 634 2547 ubi
658 2494 756 2570 caput
773 2482 872 2546 situm
887 2489 969 2546 erat:
982 2481 1164 2566 Rationem

129 2571 272 2637 reddunt
290 2571 396 2650 hano,
412 2571 498 2656 quod
515 2571 620 2658 'capite
639 2571 739 2636 homo
755 2571 916 2634 noso'iuilis
928 2571 968 2634 slt
984 2571 1069 2635 stab
1088 2569 1165 2636 aliis

129 2660 317 2726 hominibus
337 2660 563 2744 distinguatur.
589 2661 652 2725 Sed
675 2661 743 2726 haec
765 2664 915 2746 quoque,
941 2661 1164 2724 ut·l1aotenue

130 2747 540 2837 omnie‚.euperstitioueru
558 2750 722 2839 redolent,
737 2761 769 2820 et
786 2772 805 2814 a
826 2749 1017 2834 Christianus
1039 2749 1163 2822 merito

129 2838 167 2904 in
180 2862 316 2928 corpore
328 2839 410 2924 juris
421 2838 528 2908 omitti
542 2837 732 2905 debuissent.
753 2883 756 2892 ι
1003 2851 1007 2858 ’

80 3015 84 3068 ’.
155 3009 216 3064 -De
233 3004 374 3082 religiosis
391 3004 448 3060 hoc
466 2990 707 3071 observandum,
729 3001 811 3078 qnod
829 3001 947 3065 darete
959 2993 1101 3076 imperiali
1117 3003 1164 3062 du

131 3089 168 3148 23
177 3091 304 3164 pruinis!
316 3107 356 3148 an
368 3107 399 3144 ω
407 3121 424 3154 ‚v
432 3099 486 3145 are.
500 3083 548 3152 14,
560 3085 765 3159 unudqnisque
776 3095 876 3158 potest»
885 3083 1020 3152 insnum.
1031 3084 1163 3146 fundum

130 3171 239 3228 inferre
251 3181 416 3236 mortuum,
427 3180 455 3223 et
471 3167 510 3222 sic
523 3167 607 3222 illum
619 3167 746 3222 fundum
761 3165 884 3222 reddere
896 3161 1084 3242 religiosum,
1095 3182 1163 3228 non

131 3266 230 3310 tamen
242 3271 277 3308 eo
291 3270 378 3306 sensu
389 3269 451 3326 quo
464 3250 529 3304 loca
543 3267 595 3306 sua
606 3247 741 3324 religiosa
752 3247 932 3320 accipiebant
943 3247 1069 3303 Rotnani
1081 3268 1089 3316 3
1107 3247 1163 3305 sed

131 3354 167 3391 eo
177 3353 264 3390 sensu
274 3372 284 3399 ,
295 3343 329 3387 ut
339 3329 485 3386 infantilia
495 3345 551 3402 pro
562 3345 645 3384 sacro
651 3328 874 3404 quodammodo
882 3329 1025 3385 habeatur
1032 3330 1115 3384 locus
1125 3327 1162 3385 iu

131 3435 193 3492 quo
206 3427 307 3490 pater,
327 3411 436 3484 conjux
449 3451 456 3479 ,
468 3410 566 3478 filius,
586 3411 726 3468 alius-ve
736 3410 902 3478 carissimus
912 3407 1006 3481 jacet.¹
1014 3411 1165 3468 caeterum

78 3517 82 3525 ¹
131 3497 209 3553 enim
223 3484 303 3570 ,nihil
325 3491 446 3567 impedit
465 3491 626 3566 quominirs
640 3493 687 3548 vel
706 3493 804 3549 statim
817 3491 987 3556 humatione
1000 3491 1095 3558 laced,
1109 3492 1163 3550 vet

72 3585 75 3638 ἶ
130 3579 283 3652 aliquanto
301 3586 391 3650 post,
409 3573 492 3628 illum
508 3573 635 3630 fundunt
650 3572 879 3630 avidus·elienet
896 3573 997 3628 haeres.
1012 3572 1076 3629 Hoc
1092 3591 1165 3630 em·
1261 3600 1265 3608 =

129 3661 207 3741 plius
222 3656 441 3714 observandum
453 3655 568 3730 ,quod
582 3666 771 3712 mortuorum
789 3653 927 3730 reliquias
939 3654 1015 3710 intra
1026 3655 1163 3712 civitates

130 3753 159 3798 et
174 3759 267 3819 pagos
287 3737 376 3794 condi
395 3737 519 3794 vetitum
538 3748 583 3792 est
602 3736 704 3792 eodem
727 3737 867 3804 decreto,
888 3755 925 3791 ne
946 3737 1038 3792 odore
1055 3737 1164 3804 loetldo

59 3859 62 3867 «
130 3823 232 3879 civitas
244 3821 291 3892 vel
305 3838 420 3898 pagus,
441 3819 594 3894 polluatur
613 3830 642 3875 et
662 3820 839 3876 linestetur.
865 3815 926 3892 Qui
946 3835 1011 3875 uros
1031 3836 1161 3893 corpora
