2710 4504
1099 277 1160 363 vr]

122 403 250 490 rent,
280 384 600 498 expectandum
631 403 771 483 ratus,
796 383 935 472 donec
969 381 1092 467 daret
1121 411 1166 466 se

122 529 231 584 ansa
255 500 568 612 opportunior,
589 529 722 612 quam
747 519 900 613 sponte
918 497 996 584 sue
1014 514 1165 582 natam

122 611 377 728 aridissime
398 614 579 728 arripui.

185 727 401 812 Institutio
417 727 441 810 a
457 757 553 832 me,
575 727 716 814 tribus
731 725 891 813 abhinc
908 725 1056 832 annis,
1069 721 1164 838 pri-

124 841 242 926 vatis
264 838 526 954 quibusdam
542 841 596 927 de
612 845 716 930 lure
736 843 939 928 Romano
967 838 1168 925 lectioni·

125 953 214 1042 bus
225 987 237 1062 3
250 957 486 1052 Hernnccrr
499 957 829 1044 Rncrmrronns
844 957 904 1042 ita
917 953 1039 1040 domi
1056 971 1170 1038 trac·

127 1088 332 1154 'caveram
343 1136 358 1176 ,
378 1089 428 1154 ut
443 1099 545 1154 cum
560 1069 827 1183 Napoleonis
843 1069 1029 1171 Codice,
1047 1069 1173 1177 cujus
1279 1081 1282 1088 '

1 1215 2 1218 ‘
128 1181 190 1268 ad
220 1211 424 1268 normam
461 1182 667 1270 lectiones
699 1182 904 1296 quaelibet
935 1179 1175 1268 referendae

128 1315 260 1404 sunt,
282 1297 431 1382 seduli)
454 1297 701 1383 conferrem
729 1333 738 1383 :
762 1329 815 1382 ex
835 1297 921 1410 qual
943 1294 1174 1383 elucubra-

128 1411 254 1496 tione
282 1430 379 1496 orta
406 1431 469 1496 est
498 1441 657 1525 magna
685 1413 1018 1498 annotationum
1046 1407 1175 1520 copia

131 1554 242 1636 quas
264 1543 331 1609 ter
351 1544 497 1610 ternos
523 1555 604 1641 per
633 1555 766 1610 annos
794 1531 954 1612 attente
982 1525 1171 1626 revisas,

130 1638 220 1752 ipsi
235 1639 473 1724 Heineccio
501 1639 682 1754 apposui
695 1706 710 1745 ‚
734 1637 835 1726 deul
862 1640 967 1725 cura
992 1658 1042 1724 ut
1069 1635 1173 1722 uni*

131 1781 313 1846 versum
338 1782 446 1864 opus
461 1750 662 1838 fidelibus
683 1752 1036 1868 elegantibusque
1057 1749 1175 1879 typis
1258 1819 1263 1830 .

1 1874 2 1938 l
132 1864 419 1971 mandatum,
446 1884 539 1950 tam
562 1866 721 1952 illustri
745 1865 1060 1955 iurisconsulto
1090 1893 1176 1950 mr-

132 1982 221 2067 ntls
238 1978 472 2090 indignum
489 1978 704 2066 ederetur.
745 2065 750 2072 .

1 2177 2 2208 ,
196 2095 288 2178 Nec
310 2093 391 2176 tibi
419 2091 512 2176 fore
538 2096 716 2204 prorsus
735 2092 1028 2204 injucundum
1050 2123 1178 2178 ausus

1 2219 2 2244 ¹
133 2236 239 2294 sum
261 2206 459 2320 opinari,
476 2205 614 2318 quod,
632 2207 708 2292 tua
729 2207 883 2314 venia,
905 2210 1015 2294 tanti
1030 2209 1178 2294 nomi-

136 2321 209 2407 nis
236 2321 438 2432 scriptori
459 2348 620 2406 nomen
642 2340 769 2406 tuum
789 2323 1079 2434 praeluceret,
1107 2352 1179 2406 so-

137 2434 254 2519 ciata
267 2434 451 2544 geminae
464 2432 591 2517 lamae
605 2433 764 2545 glorial3
782 2434 928 2547 sicque
951 2436 1179 2521 communi

138 2545 335 2661 quodam
355 2545 558 2631 vehiculo
574 2547 756 2659 posteris
773 2549 1179 2653 commendaretur,
1213 2579 1215 2586 ’

137 2681 186 2747 et
206 2659 362 2771 dignus
378 2661 420 2745 N
423 2689 649 2746 nronnonn
666 2660 953 2749 Consiliarius
962 2729 977 2768 ,
995 2682 1040 2748 et
1055 2693 1182 2746 carus

137 2771 584 2865 Fntnsntco-Msono
602 2774 881 2880 Antecessor,
902 2806 1031 2888 quem
1050 2777 1183 2862 Prin-

139 2918 243 3000 ceps
254 2887 353 2992 ille,
370 2915 602 2999 germanus
619 2888 783 2998 ingenii
799 2889 1057 2994 aestimator,
1073 2889 1185 2974 tanti

139 3000 356 3106 faciebat,
379 3019 428 3084 ut
447 3029 573 3104 eum,
591 3002 711 3111 quasi
727 3002 1092 3113 pretiosissimum
1112 3033 1186 3088 re-

142 3115 219 3230 gni
232 3115 298 3198 sui
316 3132 649 3217 ornamentum3
665 3115 792 3197 enixe
807 3116 979 3226 roganti
995 3117 1203 3202 Batavo--

140 3257 249 3316 rum
270 3226 544 3339 Reipublicae
563 3229 727 3356 Legate
750 3227 1017 3334 concedere,
1037 3259 1187 3345 perse-

142 3359 353 3430 veranter
374 3360 653 3426 recusaverit.

194 3454 566 3566 Itaque‚COMES
583 3451 1049 3561 ILLUSTRISSIME,
1060 3488 1191 3570 quan·

146 3569 422 3680 t'ulicumque
438 3568 653 3656 momenti
673 3567 919 3680 fragmenta
940 3569 963 3653 a
980 3599 1051 3657 me
1074 3575 1189 3657 Her-

148 3712 305 3772 nnccro
344 3679 493 3766 addite
523 3681 758 3766 videantur
777 3750 792 3787 ,
810 3681 1012 3795 ,publicae
1043 3691 1191 3772 tamen

149 3795 333 3887 utilitati
349 3793 535 3884 videbor
552 3795 827 3910 aliquantum
848 3796 1138 3925 consuluisse,
1156 3802 1192 3886 si

955 3940 1036 3994 arv
