2730 4504
73 807 233 886 ἕψω]

359 100 365 111 ,

343 119 459 173 slusa(
517 121 565 166 ¹.

339 185 344 196 '
434 172 442 186 1

259 236 328 352 soi
411 297 415 307 ’
540 286 711 364 mnan
738 289 794 374 11,
817 253 1006 392 mult.

258 395 379 484 piandi.
394 395 476 462 Haec
490 419 620 488 quoque
634 397 770 488 servitus
781 411 812 465 et
822 400 992 470 usufructu
1005 403 1153 487 deterior,
1167 416 1196 472 et
1209 427 1259 470 usu

258 486 343 550 servi
356 486 510 575 pinguior
524 497 581 552 est.
599 486 689 552 Nam
709 497 752 553 1⁰.
769 501 815 554 est
831 490 999 558 usufructu
1016 495 1166 574 deterior,
1180 493 1262 583 quia,

259 575 317 659 qui
327 573 568 642 ruumfructum
576 576 660 643 servi
675 576 817 660 babet‚is
829 591 933 670 potest
947 604 1015 647 non
1026 585 1121 650 modo
1127 605 1167 650 ex
1175 582 1264 672 operis

259 663 343 728 servi
357 665 496 748 lucrari,
510 667 566 732 sed
580 678 613 730 et
630 667 741 734 omnia
766 667 828 732 alia
853 691 912 759 per
932 655 1062 736 servrim
1075 671 1217 760 adquirit.
1229 669 1264 736 Et

258 751 357 833 hinc,
376 753 403 818 si
420 776 449 819 c.
467 776 500 842 g.
520 777 631 821 servus
647 755 704 820 iste
724 754 921 825 fructuarius
935 760 1026 826 heres
1041 761 1196 826 institutus
1208 771 1263 841 est,
1333 841 1334 844 Ἴ

257 839 471 912 hereditatem
496 843 736 910 usufructuario
754 847 906 934 adquirit.
924 848 1065 930 Contra,
1082 851 1135 915 cui
1148 849 1264 916 servitus

256 954 435 1020 operarum
447 935 639 1015 constituta,
654 933 820 1000 istantum
840 957 883 1002 ex
904 939 1009 1026 operis
1025 941 1110 1006 servi
1123 937 1264 1028 adquirit,

258 1021 291 1104 §.
309 1021 356 1104 4,
377 1024 463 1088 Inat.
487 1047 556 1112 per
580 1043 668 1112 quus
693 1047 787 1110 pers.
816 1028 937 1113 cuique
965 1028 1070 1116 adqu.
1092 1031 1147 1093 Est
1171 1039 1265 1092 tamen

258 1119 306 1174 2⁰.
321 1112 435 1176 eadem
448 1111 584 1179 servitus
598 1135 657 1176 usu
669 1113 750 1178 servi
765 1113 929 1202 pinguior.
948 1116 1107 1182 Usuarius
1116 1117 1200 1184 enim
1210 1138 1266 1180 non

257 1221 302 1264 ex
315 1200 466 1270 omnibus
480 1201 585 1290 operis
599 1203 682 1266 servi
702 1201 866 1285 lucratur,
884 1203 938 1268 sed
954 1217 1085 1270 tautum
1099 1231 1150 1272 eas
1168 1227 1264 1294 operas

256 1311 350 1355 servo
358 1289 498 1355 indicere
507 1301 626 1381 potest,
637 1289 753 1378 quibus
763 1291 825 1380 ipsi
833 1295 1009 1360 necessario
1021 1318 1102 1383 opus
1117 1308 1172 1360 est.
1185 1293 1265 1362 Unde

257 1390 290 1442 et
299 1401 411 1468 operas
424 1381 506 1448 servi
518 1379 720 1446 locarealtari
726 1381 852 1467 nequit,
862 1383 886 1446 l.
901 1404 919 1448 2
925 1432 935 1461 ,
935 1381 983 1472 ff
995 1384 1036 1448 de
1045 1409 1110 1449 usu
1123 1387 1184 1474 leg.
1191 1381 1265 1472 quod

257 1478 363 1556 potest
377 1469 513 1534 omniuo
521 1517 532 1552 ,
544 1469 598 1534 cui
608 1469 744 1536 servitus
757 1492 931 1559 operarum
945 1471 1121 1539 constituta
1131 1486 1186 1540 est.

583 1635 614 1722 §-
643 1632 964 1705 ccccxxxv.

302 1797 362 1862 An
373 1797 493 1863 harum
502 1796 696 1862 servitutum
714 1795 794 1860 adeo
815 1809 953 1883 magnus
971 1799 1011 1861 sit
1032 1820 1125 1879 usus,
1138 1797 1267 1885 judicare

255 1888 292 1955 iu
307 1888 445 1975 proclivi
458 1899 514 1951 est.
531 1886 716 1952 1⁹.Cessaut
731 1885 826 1951 hodie
838 1909 943 1974 operae
955 1909 1127 1952 servorum
1143 1897 1267 1952 cessante

253 1979 409 2043 servitute
422 1977 498 2056 tali,
518 1971 649 2062 qualem
664 1975 756 2040 initio
770 1975 844 2039 libri
860 1975 887 2038 l.
904 1975 992 2063 apud
1008 1977 1177 2041 Romanos
1189 1977 1267 2042 inve·

255 2067 374 2133 nimus.
396 2073 441 2130 2⁰.
461 2064 560 2130 Nobis
573 2063 639 2129 fere
653 2064 767 2130 desunt
786 2064 946 2130 vocabula*
960 2067 1019 2129 usu
1036 2066 1208 2130 hominum
1222 2087 1267 2129 re-

254 2169 349 2243 cepta
365 2205 374 2236 ,
393 2155 510 2242 quibus
530 2151 769 2240 usumfructum
792 2165 824 2218 et
844 2169 939 2218 usum
965 2155 1209 2241 distinguamus.
1235 2154 1268 2218 ln

254 2245 367 2332 Belgio
388 2254 505 2309 notum
525 2255 657 2309 tantum
678 2241 879 2310 vocabulum
905 2253 953 2307 tot
976 2244 1168 2330 lytatonde,
1191 2239 1267 2331 quod

255 2332 496 2399 usumfructum
535 2343 654 2412 nota13
687 2331 801 2412 aliud,
841 2331 928 2418 quod
961 2349 1058 2397 usum
1095 2343 1267 2422 exprimat,
1332 2359 1333 2370 ¹

254 2421 369 2508 Belgas
386 2422 556 2508 ignorare,
578 2433 611 2486 ct
634 2419 709 2487 iude
734 2421 894 2486 rarissima
915 2441 979 2486 esse
1004 2432 1212 2500 testamenta,
1233 2438 1268 2484 cx
1332 2461 1333 2502 q

255 2510 372 2599 quibus
386 2531 482 2574 usum
492 2523 621 2574 tantum
636 2511 786 2576 relictum
799 2533 862 2575 esse
878 2521 981 2600 patet,
999 2510 1149 2576 observat
1165 2511 1269 2575 ultu-

256 2601 370 2680 berus‚
387 2600 492 2665 Proel.
506 2600 554 2664 od
567 2599 657 2664 Inat.
669 2601 699 2686 §-
719 2601 758 2681 6,
772 2597 806 2664 b.
820 2610 844 2665 t.
857 2598 897 2662 In
909 2599 1088 2664 Germania
1102 2597 1267 2664 usumfruc·

255 2705 328 2755 tum
344 2689 454 2756 iocari
468 2688 675 2754 observamus
688 2689 753 2753 den
766 2685 1021 2770 Nieaabraucb,
1035 2688 1091 2753 die
1102 2689 1270 2754 Nuzniea-

253 2805 356 2869 sung.
366 2779 429 2844 Sed
438 2778 512 2844 haec
522 2777 678 2843 vocabula
687 2789 817 2841 tantum
828 2757 1066 2843 lurisctiusultis
1076 2801 1162 2859 ‚non
1171 2787 1270 2840 autem

253 2871 355 2957 vulgo
379 2880 455 2934 nota
468 2879 568 2947 sunt,
592 2879 623 2932 et
651 2865 727 2932 hinc
743 2867 788 2932 ibi
803 2867 902 2931 etiam
916 2889 992 2931 raro
1013 2888 1113 2931 usum
1141 2863 1270 2950 relinqui

250 2959 502 3044 videas-Itaque
523 2955 696 3022 fatentibus
721 2955 872 3024 omuibus
896 2957 1019 3023 rariora
1044 2955 1143 3024 hodie
1160 2961 1270 3022 suntet

253 3070 329 3114 usus
339 3057 372 3115 et
386 3045 592 3114 habitationis
605 3045 770 3134 exempla.

252 3365 434 3456 Vll
