2644 4504
215 265 281 334 ssi
344 239 357 256 ”
512 259 765 344 nissum,
789 261 896 330 rrr.
919 261 949 328 1.

255 377 345 449 Quod
355 376 394 434 ad
407 376 561 433 thesauros
571 375 693 443 attinet,
707 373 825 432 easdem
838 375 1031 432 observamus
1040 370 1157 450 regulas
1169 388 1244 450 quas

212 460 341 520 Romani
354 459 503 516 tenebant.
524 457 596 514 cod.
617 458 698 532 Nap.
715 469 773 513 art.
789 456 850 534 716.

593 580 625 665 §-
648 578 874 644 ccccm.

257 712 423 780 Addimus
439 707 590 796 quedam
606 729 700 772 more
714 719 826 772 nostro
837 707 877 772 de
898 707 975 772 Usu
989 703 1171 786 hodierno,
1187 706 1243 772 sed

212 804 365 870 breviter.
381 801 550 864 Nimirum
561 797 725 887 plerasque
740 818 810 877 res,
829 818 903 883 quae
914 797 994 878 olim
1009 807 1181 883 tamquam
1193 819 1245 861 res

211 892 335 958 nullius
348 890 388 955 ab
404 909 603 975 unoquoque
621 885 776 974 occupari
793 897 963 974 poterant,
987 885 1084 950 hodie
1107 897 1182 950 sunt
1207 885 1245 950 in

211 993 367 1072 potestate
393 977 582 1068 principum
611 975 665 1040 vel
686 973 1008 1064 rerumpublicarum
1038 997 1243 1062 eorumque,

212 1071 331 1159 quibus
350 1070 419 1134 illas
434 1068 583 1157 princeps
598 1087 656 1153 per
673 1063 900 1128 investituram
920 1064 971 1129 vel
989 1061 1246 1130 infeudatiouem

211 1157 384 1239 concessit3
399 1159 491 1240 cujus
502 1154 549 1220 rei
560 1153 720 1220 rationem
733 1154 804 1239 jam
817 1173 914 1240 supra
929 1153 1137 1218 reddidimus.
1151 1155 1243 1220 Hinc

106 1253 108 1262 '
210 1249 309 1328 ¹hodie
332 1271 401 1312 non
413 1245 554 1334 amplius
570 1243 806 1329 occupantibus
816 1241 937 1306 cedunt
951 1240 1045 1322 serae,
1068 1244 1242 1325 volucres,

211 1337 332 1430 pisces,
351 1335 457 1424 praeda
475 1333 613 1412 hostilis,
626 1354 676 1396 res
689 1333 774 1396 mari
785 1331 910 1416 ejectae,
923 1331 977 1396 sed
988 1331 1059 1396 baec
1076 1333 1187 1398 omnia
1201 1333 1243 1398 ad

211 1427 397 1518 principem
409 1421 586 1526 pertinent.
603 1421 654 1486 Sic
665 1443 693 1484 e.
706 1442 739 1506 g.
752 1443 813 1486 rex
822 1422 976 1485 Borussiae
988 1421 1073 1486 solus
1081 1423 1133 1506 jus
1145 1422 1245 1488 habet

213 1515 387 1601 colligendi
406 1538 441 1578 ru
454 1513 562 1577 littore
580 1510 748 1596 Borussico
761 1511 940 1592 electrum,
960 1521 1023 1575 etc.
1037 1512 1128 1576 Olim
1142 1511 1244 1576 etiam

209 1605 335 1690 ubique
349 1604 435 1668 inter
449 1614 559 1690 gentes
571 1599 779 1684 Germanicae
795 1597 927 1685 originis
942 1599 1070 1685 vigebat
1082 1601 1138 1688 jus
1153 1602 1249 1677 colli-

211 1695 313 1782 gendi
325 1693 408 1758 bona
420 1689 656 1777 naufragorum
668 1687 684 1842 ς
694 1689 758 1754 dos
772 1689 911 1756 Strond.
927 1687 1059 1774 Recist)
1072 1713 1082 1764 ς
1095 1691 1151 1756 sed
1159 1691 1244 1754 illud

211 1783 330 1856 deinde
349 1782 507 1846 abolitum
520 1803 579 1869 per
590 1779 627 1843 A
630 1789 667 1842 ut
679 1802 700 1842 ι.
713 1779 876 1867 Navigia
884 1827 897 1858 ,
914 1777 951 1843 C.
964 1775 1097 1865 defert.
1115 1781 1158 1844 In
1173 1781 1243 1844 sola

211 1883 325 1938 tamen
343 1869 451 1940 Dania
466 1869 573 1934 adhuc
585 1868 729 1947 obtinet,
748 1867 829 1932 adeo
838 1879 876 1932 ut
885 1868 921 1934 in
934 1867 1133 1954 suggestibus
1143 1870 1247 1934 eccle·

210 1962 343 2029 siasticis
378 1983 464 2026 reces
477 1957 631 2038 fundant,
647 1969 685 2021 ut
697 1957 785 2022 Deus
805 1957 991 2022 benedicere
1003 1957 1082 2022 velit
1092 1958 1162 2044 juri
1174 1960 1247 2022 col*

209 2049 335 2136 ligendi
356 1985 444 2114 bona
463 2041 713 2133 naufragorum.
737 2045 830 2112 Dura
846 2047 917 2112 hren
930 2057 1006 2112 sunt
1026 2057 1058 2110 et
1073 2048 1248 2137 principiis

208 2135 293 2227 ¹juris
304 2139 436 2204 adversa
446 2187 457 2218 ,
467 2137 644 2226 quamvisa
657 2135 766 2202 Celeb.
779 2137 956 2202 Thomasio
968 2135 1101 2223 aliisque
1113 2135 1249 2204 defendi

213 2230 361 2296 soleant:
383 2227 437 2292 sed
450 2238 526 2292 sunt
540 2237 650 2290 tamen
668 2227 712 2290 ita
729 2238 883 2314 recepta,
905 2223 994 2292 secus
1012 2248 1050 2290 ac
1067 2226 1102 2292 iu
1119 2227 1226 2308 Frisia
1236 2277 1249 2309 ‚
1320 2269 1321 2274 κ

213 2318 272 2382 ubi
285 2317 416 2408 laudem
425 2327 569 2408 meretur
578 2326 736 2382 statutum
748 2315 822 2380 Lib.
839 2317 854 2380 l
863 2365 873 2396 ,
892 2316 960 2398 Tit.
973 2313 1033 2398 24,
1055 2316 1087 2400 ς.
1103 2316 1157 2382 15.

502 2474 504 2486 ·
547 2473 549 2476 ·
600 2458 631 2543 s
655 2435 867 2528 cccciv.

258 2587 430 2674 Pergimus
452 2585 494 2650 ad
513 2585 652 2652 modum
671 2586 863 2674 adquirendi
878 2587 1110 2676 originarium
1122 2610 1252 2655 secun-
1318 2619 1319 2626 ¹

214 2678 297 2744 dnm
313 2675 399 2766 qnid
408 2725 417 2758 ,
431 2675 455 2740 i.
466 2699 494 2740 e.
509 2677 752 2756 accessionem,
771 2677 802 2761 ς.
814 2674 891 2742 341.
905 2679 964 2742 Est
983 2681 1254 2746 autemaccessio

209 2770 268 2848 jus
282 2765 504 2854 adquirendi,
520 2766 613 2853 qnod
627 2767 677 2830 rei
687 2777 813 2830 nostrae
825 2766 1044 2854 adjungitur,
1058 2767 1252 2834 incremen-
1317 2811 1318 2818 κ

213 2869 300 2923 tam.
314 2855 515 2920 Naturaliter
529 2855 619 2920 enim
630 2854 674 2918 ita
685 2877 718 2920 se
730 2878 780 2920 res
793 2855 906 2935 habet,
919 2867 970 2936 ut,
985 2855 1078 2937 cujus
1091 2869 1137 2922 est
1149 2859 1252 2946 prin·

213 2947 336 3036 cipale,
351 2941 542 3034 ejusdemsit
553 2946 782 3026 accessorium,
797 2967 825 3020 e.
841 2967 874 3031 g.
886 2946 979 3031 cujus
991 2957 1037 3009 est
1047 2946 1162 3028 arbor,
1176 2947 1255 3034 ejus

213 3035 412 3114 estfructus3
421 3033 513 3119 cujus
527 3056 645 3114 vacca3
656 3033 724 3121 ejus
738 3046 785 3098 est
798 3033 934 3114 vitulus3
943 3034 1036 3121 cujus
1042 3036 1254 3121 alvearium,

213 3127 283 3212 ejus
301 3136 346 3190 est
368 3123 471 3188 favus.
496 3123 553 3186 Est
578 3135 689 3186 autem
715 3123 850 3188 accessio
872 3123 1022 3210 tripietis
1043 3127 1252 3206 naturalis,

210 3237 287 3301 quae
302 3237 320 3278 a
335 3213 403 3278 sola
425 3223 543 3278 natura
559 3212 690 3300 ejusque
711 3211 867 3278 beneficio
888 3215 936 3278 rei
959 3224 1076 3280 nostrae
1096 3215 1253 3296 accedit,

211 3303 314 3368 veluti
329 3301 464 3382 vitulus,
477 3301 617 3384 alluvio,
632 3314 695 3370 eto.
709 3302 925 3376 industrialia
929 3352 940 3382 ,
949 3302 1019 3368 aliis
1026 3299 1233 3390 artificialis
1238 3355 1253 3385 ,

212 3415 287 3481 quae
298 3403 367 3456 arte
381 3401 478 3476 atque
489 3391 645 3456 industria
659 3391 708 3456 rei
718 3403 836 3458 nostrae
851 3393 990 3472 accedit,
1006 3392 1106 3468 veluti
1122 3393 1148 3456 si
1164 3395 1257 3482 quid

212 3481 335 3546 chartae
350 3490 468 3544 nostrae
479 3477 672 3568 inscriptum
686 3507 695 3546 ε
710 3481 819 3548 mixta
826 3529 837 3564 ,
852 3481 921 3549 aliis
936 3481 1174 3562 industrialis,
1189 3484 1256 3548 ubi

211 3581 244 3636 et
259 3582 385 3634 naturae
398 3567 591 3634 beneficium
603 3581 635 3635 et
648 3570 805 3636 industria
820 3583 930 3648 nostra
944 3583 1160 3654 concurrunt,
1170 3595 1203 3640 e.
1216 3595 1255 3661 g.
1313 3583 1314 3594 ¹

210 3660 248 3725 in
262 3681 342 3746 agro
356 3657 480 3724 consito
493 3709 502 3742 ‚
528 3659 564 3724 iu
577 3659 675 3726 horto
690 3661 779 3725 culto
792 3673 854 3726 etc.

211 3790 425 3934 55Accessione
434 3809 557 3868 quoque
564 3791 650 3851 uobis
657 3792 854 3869 acquiruntur
865 3811 922 3852 res.
933 3792 1004 3852 Cod.
1011 3793 1093 3870 Nap.
1106 3804 1164 3852 art.
1173 3787 1256 3864 546,
1312 3781 1313 3788 ἵ

253 3887 309 3932 iet
322 3893 380 3954 yn.
