2710 4504
272 313 319 403 m
572 311 1010 396 nmuurfmur.

270 425 440 515 privatum
452 423 542 490 haud
555 425 654 490 semel
665 425 835 512 publicum
845 423 983 504 dicitur,
995 421 1096 491 veluti
1104 422 1138 490 in
1150 423 1174 490 l.
1187 419 1291 516 38,ffl

148 597 155 602 ,-
272 515 317 580 de
326 515 468 602 μαριξας
492 513 682 604 1.,8λῄῗάε
701 513 812 580 Tutel.
829 514 852 580 l.
869 537 927 600 29,
932 512 980 603 ff
994 515 1035 580 de
1052 513 1200 580 Teutam.
1216 515 1290 581 Tut.

272 603 297 670 l.
306 629 331 690 9
341 653 353 684 ,
357 601 406 694 ff
423 601 465 668 de
478 602 532 668 Iria
539 652 552 684 ,
567 603 630 692 qui
641 604 698 670 aui
715 603 769 670 vel
784 603 893 670 alieni
893 605 994 690 juris
1006 614 1090 670 aunt
1099 631 1111 682 ‚·
1127 603 1182 668 ubi
1199 606 1293 669 tutela
1340 667 1341 706 ,

270 693 393 758 dicitur
407 691 531 782 publici
547 693 629 778 juria
645 692 769 758 ratione
786 691 860 760 finis
872 704 905 757 et
916 693 1065 780 originis,
1080 715 1159 758 cum
1172 693 1293 782 publica
1340 707 1341 784 t

269 805 337 848 esee
355 783 532 870 negeturl.
558 785 583 848 6
591 784 649 939 ,ξ
667 805 701 860 r,
703 777 751 872 ff
766 781 809 848 de
824 794 973 851 excusat.
989 793 1086 871 puta,
1101 781 1223 848 ratione
1237 783 1292 848 ob·
1340 785 1341 854 l

266 871 356 960 jecti·
374 872 437 938 Sed
453 872 580 946 ratione
598 895 619 937 o
639 873 738 959 jecti,
760 881 799 936 ut
815 871 907 954 dixi,
929 871 966 937 in
985 870 1156 962 publicum
1169 883 1207 936 'et
1227 865 1292 962 pri-
1340 863 1341 946 l

270 973 386 1028 vatum
401 974 487 1028 recte
505 961 673 1028 dividitur.
689 959 794 1026 Aliud
809 959 899 1026 enirn
913 971 959 1026 est
969 960 1042 1047 jus,
1055 961 1293 1047 quod'versatur

268 1051 357 1117 circa
372 1052 501 1140 negotia
513 1051 663 1142 publica,
676 1073 705 1115 e.
721 1071 755 1136 g.
770 1049 856 1116 circa
864 1049 940 1136 jura
953 1049 1199 1140 imperantium,
1213 1051 1293 1120 circa

270 1139 396 1206 bellum
405 1191 415 1222 ,
433 1163 566 1230 pacem,
580 1139 776 1228 legationes,
791 1137 934 1220 foedera3
953 1137 1064 1220 aliud,
1081 1139 1170 1228 quod
1182 1139 1220 1206 de
1230 1139 1293 1229 pri-

270 1231 355 1296 vatis
369 1230 524 1318 negotiis,
538 1229 561 1294 i.
576 1252 605 1295 e.
623 1229 663 1295 de
677 1250 751 1294 meo
765 1241 798 1294 et
810 1240 886 1310 tuo,
903 1227 989 1314 agit,
1006 1250 1034 1294 e.
1050 1249 1083 1316 g.
1099 1229 1140 1297 de
1153 1239 1293 1300 contras·

269 1319 376 1402 tibus,
387 1319 494 1422 pactis
506 1369 515 1400 ,
529 1317 748 1396 testamentis,
769 1318 893 1405 legatia.
913 1313 1013 1383 Unde
1034 1317 1201 1407 utriusque
1220 1315 1294 1402 juris
1340 1393 1341 1414 Χ

270 1405 474 1475 definitrones
492 1405 584 1476 facile
599 1407 836 1494 intelliguntur.
858 1407 1031 1474 Nimirum
1052 1407 1111 1484 Jua
1132 1405 1294 1498 publicum
1340 1425 1341 1464 l

270 1510 333 1580 est,
346 1499 433 1587 quod
448 1500 488 1564 de
499 1509 586 1563 statu
594 1497 785 1586 juribusque
795 1519 909 1562 rerum
919 1495 1129 1584 publicarum
1141 1495 1293 1586 praecipit,

271 1589 295 1654 i.
313 1609 342 1653 e.
358 1587 447 1676 quod
464 1588 580 1668 docet,
599 1597 753 1674 quaeua'm
771 1587 836 1652 sint
850 1586 925 1672 jura
944 1581 1197 1674 imperantium,
1211 1601 1295 1672 que·
1340 1589 1341 1664 l

272 1700 353 1747 nam
372 1676 579 1743 subditorum
589 1725 600 1758 ,
617 1675 689 1763 quis
709 1675 796 1740 inter
817 1686 970 1762 utrosque
989 1697 1115 1756 nexus,
1134 1686 1195 1742 etc.
1214 1673 1294 1738 unde
1340 1669 1341 1704 l

270 1767 426 1858 totuplex
448 1773 495 1832 est
516 1765 580 1831 hoc
602 1766 678 1851 jus,
704 1777 784 1852 quot
804 1775 881 1832 runt
906 1763 1107 1852 respublicae.
1133 1763 1295 1830 Privatum

188 1885 191 1891 ·
271 1869 389 1923 contra
416 1867 484 1936 est,
515 1853 603 1944 quod
629 1854 672 1919 ad
697 1853 903 1940 singulorum
930 1851 1125 1935 utilitatem,
1155 1853 1177 1918 i.
1204 1874 1233 1918 e.
1257 1849 1295 1916 ad

271 1953 402 2029 meum,
419 1957 530 2027 tuum,
546 1944 597 2011 vel
612 1941 654 2008 all
668 1943 835 2033 privatum
847 1943 1053 2030 singulorum
1067 1941 1295 2032 patrimonium
1340 1967 1341 2048 p

271 2059 287 2102 u
330 2047 407 2101 ctat.
423 2035 513 2100 Hinc
527 2056 555 2099 e.
571 2055 605 2120 g.
627 2033 653 2098 si
668 2055 712 2098 ex
731 2031 820 2098 furto
841 2055 903 2122 ago
925 2031 967 2096 ad
989 2031 1132 2122 duplum
1151 2033 1201 2100 vel
1218 2052 1296 2120 qua-

270 2057 431 2214 ‹ll‘lrplum
445 2121 701 2204 restituendum,
716 2122 801 2188 actio
815 2122 886 2187 haec
904 2131 951 2186 est
960 2119 1043 2207 juris
1063 2122 1205 2210 privati,
1225 2119 1295 2208 quia

271 2209 344 2279 lraec
364 2235 415 2280 rea
437 2211 479 2278 ad
505 2212 673 2302 privatum
692 2210 927 2301 patrimonium
953 2209 1104 2300 pertinet.
1130 2211 1250 2277 Contra
1273 2229 1296 2274 ει

1340 2187 1341 2238 l

271 2311 467 2388 procurator
480 2300 548 2366 fisci
562 2299 670 2366 furem
686 2300 910 2390 persequitur,
925 2311 964 2364 ut
976 2299 1093 2388 laqueo
1107 2298 1295 2376 suffocetur,

272 2390 453 2480 persecutio
468 2390 537 2455 haec
551 2401 598 2455 eet
610 2390 691 2473 juris
705 2389 838 2480 publici.
853 2389 933 2454 Non
947 2389 1036 2455 enim
1054 2389 1109 2454 hic
1129 2390 1169 2455 de
1185 2398 1297 2454 meoet
1340 2407 1341 2456 t

271 2489 330 2545 tuo
357 2479 515 2566 quaeritur
528 2479 614 2558 ,sed
642 2479 682 2544 de
706 2479 876 2545 securitate
897 2477 1106 2570 reipublicae,
1133 2480 1226 2570 cujus
1250 2475 1298 2544 rel
1340 2459 1341 2540 l

268 2569 419 2636 maxime
432 2567 583 2651 intereat,
598 2565 839 2636 fureremedio
852 2565 935 2634 tolli.

670 2717 918 2823 cxxxn.

316 2871 432 2952 Altera
442 2869 555 2944 divisio
563 2869 646 2960 juris
656 2883 703 2938 est
713 2922 722 2950 ,
734 2869 823 2959 quod
833 2869 873 2938 sit
882 2869 936 2938 rel
943 2868 1091 2940 naturale
1100 2871 1151 2936 vel
1156 2869 1298 2958 gentium

269 2961 323 3066 vel
340 2961 445 3028 civile.
464 2961 506 3028 Et
515 2959 557 3046 'de
569 2961 631 3030 huc
649 2961 804 3032 divisione
815 2971 967 3049 sequente
982 2959 1076 3026 titulo
1088 2979 1135 3028 'ex
1156 2957 1301 3028 instituto
1340 2961 1341 2994 t

271 3062 391 3142 agitur.
