2710 4504
216 295 258 385 78
348 316 350 320 ¹
557 301 910 376 raonnrou.
1022 407 1026 418 ¹

641 452 672 537 a.
706 449 823 518 xrv.

259 577 433 646 Habentur
452 577 555 647 etiam
572 581 609 646 in
628 582 774 672 Corpore
793 581 882 649 iuris
900 579 1007 646 Leuat
1025 579 1253 662 Faunorum,

212 689 319 754 quum
337 669 449 736 tamen
464 669 507 736 ad
523 672 582 736 lus
596 672 791 738 Romanum
807 693 876 736 non
893 671 1089 760 pertineant.
1105 671 1256 736 Romani
1346 689 1347 692 ’

213 757 301 822 'enim
322 755 418 824 feuda
440 781 509 826 non
528 759 734 843 habuerunt,
752 761 808 826 sed
825 761 999 826 inventum
1019 761 1084 825 hoo
1104 781 1180 826 vere
1202 771 1252 826 est
1346 811 1347 844 ;

214 839 472 930 Germanicum,
488 852 637 937 quamvis
651 861 761 940 postea
772 849 839 916 fere
853 849 973 938 ubique
988 851 1138 937 gentium
1152 849 1251 916 feuda
1346 853 1347 884 ³

213 934 432 1019 invaluerint,
455 949 675 1028 praeterquam
697 941 734 1006 in
754 939 857 1008 Frisia
877 950 1007 1022 nostra,
1029 939 1087 1006 ubi
1102 941 1251 1017 ¹unimam
1346 937 1347 1016 j

215 1024 496 1093 tantumfeudum
507 1040 565 1094 est.
1198 1107 1201 1114 Α

263 1114 426 1182 Auctores
443 1118 564 1184 horum
582 1117 744 1186 librorum
758 1141 830 1184 saec.
848 1118 921 1184 XII
935 1115 1068 1183 fuerunt
1084 1116 1254 1184 Gerardus
1302 1157 1303 1160 =

216 1203 321 1291 Niger
336 1217 369 1270 et
381 1207 523 1272 Obertus
536 1209 577 1272 ab
590 1209 693 1290 Orto,
707 1209 793 1280 Coss.
807 1209 1080 1288 Mediolanenses,
1096 1208 1151 1294 qui
1167 1229 1253 1272 con-

215 1295 401 1364 suetudines
414 1293 554 1363 feudales
565 1297 692 1386 privata
704 1299 895 1364 auctoritate
915 1297 1026 1362 litteris
1037 1297 1252 1369 mandarunt.

216 1383 331 1450 Postea
346 1407 425 1450 oum
441 1387 598 1452 Bononiae
605 1387 688 1474 juris
700 1387 845 1452 studium
856 1385 1091 1468 refloresceret,
1107 1385 1254 1472 Hugoli-
1346 1405 1347 1410 ’

194 1495 299 1554 nus,
315 1474 587 1556 iurisconsultus,
603 1476 702 1542 etiam
721 1477 780 1542 hos
800 1476 898 1542 libros
917 1475 1092 1540 feudorum
1111 1476 1254 1564 Corpori

176 1581 179 1588 ’
217 1563 236 1628 J
239 1563 305 1628 uris
320 1563 444 1629 addidit
448 1577 641 1653 ,tamquam
653 1566 870 1720 appendicem
878 1565 1104 1631 Novellarum.
1117 1563 1165 1630 Eo
1180 1562 1254 1628 fac-

202 1662 292 1728 ‚tum
312 1663 374 1734 est,
394 1665 433 1718 ut
448 1677 526 1720 oum
542 1657 687 1744 Corpore
721 1656 901 1722 uatinianeo
915 1665 946 1720 et
961 1655 1014 1720 hio
1032 1654 1113 1720 liber
1131 1653 1255 1741 ubique
1346 1739 1347 1742 Ἴ

218 1743 418 1832 reciperetur
428 1745 468 1808 in
478 1743 608 1826 forum,
626 1757 797 1832 tamquam
816 1746 875 1810 lus
890 1744 1033 1810 Feudale
1047 1744 1254 1824 Commune,
1346 1751 1347 1818 ζ

215 1851 262 1896 ex
280 1855 347 1920 quo
365 1835 593 1901 controuersias
613 1825 753 1900 feudales
771 1834 1016 1915 desiderentur,
1036 1835 1062 1898 si
1078 1843 1255 1898 consuetu-

218 1919 328 2003 dines,
342 1921 428 2010 leges
444 1947 482 1989 ao
497 1935 614 1989 statuta
628 1925 804 2010 singularia
819 1923 971 1988 deessent.
988 1923 1137 2011 Allegari
1149 1922 1256 1987 solent

218 2010 295 2076 libri
315 2011 490 2078 feudorum
511 2015 569 2092 ita,
591 2026 626 2076 ut
640 2015 805 2102 praemisso
821 2034 960 2079 numero
975 2012 1049 2077 libri
1062 2011 1255 2099 subjiciatur

217 2099 324 2166 littera
340 2101 378 2164 F.
393 2112 425 2165 et
436 2101 652 2187 subjungatur
664 2101 802 2189 denique
812 2124 969 2166 numerus
982 2101 1129 2190 'capitum
1145 2113 1177 2166 et
1194 2100 1256 2164 ali-

219 2189 353 2275 quando
368 2191 608 2279 paragraphus,
624 2213 653 2254 e.
670 2213 701 2277 g.
716 2211 747 2256 2.
757 2192 801 2256 F.
814 2189 877 2270 24,
894 2193 925 2276 ς.
939 2213 969 2256 a.

263 2279 328 2342 Hae
345 2291 421 2342 sunt
439 2291 548 2368 partes
560 2280 714 2366 Corporis
727 2280 745 2344 J
749 2280 823 2346 uris.
846 2278 1007 2366 Quamvis
1024 2280 1115 2344 enim
1136 2289 1169 2343 et
1188 2277 1255 2346 aliu
1346 2323 1347 2326 =

215 2365 267 2442 ibi
282 2367 506 2455 reperiantur,
521 2392 549 2434 e.
563 2391 596 2455 g.
608 2369 767 2434 Novelloe
777 2369 902 2435 Leonis
911 2379 944 2434 et
959 2370 1100 2434 aliorum
1111 2367 1257 2458 impera·
1346 2367 1347 2424 ἒ

220 2467 333 2522 torum
343 2507 352 2538 ,
363 2459 443 2522 item
456 2455 611 2523 Uonones
622 2459 882 2546 Apostolorum,
891 2469 952 2524 eto.
966 2480 1003 2523 ea
1017 2470 1130 2522 tamen
1144 2457 1257 2523 omnia

220 2545 256 2610 in
277 2543 349 2613 foro
368 2545 490 2611 nullius
511 2569 586 2612 usus
604 2559 698 2631 sunt,
722 2548 867 2637 adeoque
885 2569 945 2614 neo
964 2547 1005 2613 ad
1020 2547 1148 2637 Corpus
1167 2547 1256 2634 Juris

222 2636 355 2726 proprie
369 2636 544 2726 pertinent.
864 2667 867 2674 ⁴

635 2751 691 2845 s.
721 2758 815 2827 xv.

144 2934 147 2942 ·
267 2893 408 2982 Reliqua
420 2905 467 2958 est
477 2893 594 2958 ultima
606 2916 681 2982 pure
696 2893 866 2982 prooemii,
878 2915 944 2981 qua
958 2891 1138 2980 quoeritura
1158 2893 1258 2978 Qua·-

225 3008 309 3048 nam
329 2987 375 3049 sit
395 2996 469 3049 tom
485 2984 608 3048 horum
628 2983 819 3064 librorum,
837 3005 945 3072 quam
964 2983 1073 3070 ipsius
1095 2983 1258 3071 Corporis

100 3145 105 3156 ¹
224 3073 325 3139 Juris
347 3075 563 3138 auctoritas?
587 3073 666 3138 Haeo
688 3073 822 3160 quoestio
841 3072 964 3161 optimo
985 3072 1130 3139 solvetur
1153 3071 1259 3158 tribus

223 3161 634 3243 observatisaxiomatibus,
643 3185 717 3248 quae
728 3161 917 3226 indubitatae
929 3161 1070 3226 veritatis
1080 3184 1144 3227 esse
1155 3183 1259 3227 unus-

226 3255 362 3340 quisque
389 3252 559 3338 intelliget.
591 3251 618 3316 Ι.
650 3253 725 3316 Iex
745 3253 920 3340 posterior
948 3273 1082 3335 semper
1111 3251 1259 3340 derogat

220 3344 353 3429 priori,
373 3343 395 3405 l.
416 3339 478 3406 ult.
490 3339 538 3430 ff.
559 3338 600 3405 de
618 3339 732 3406 Consi.
753 3341 870 3406 Prior.
887 3337 962 3404 Lex
976 3339 1066 3405 enim
1077 3353 1124 3407 est
1133 3339 1259 3406 summi

224 3433 415 3519 imperantis
427 3432 596 3495 voluntas:
621 3429 779 3517 posterior
800 3441 910 3495 autem
930 3429 1080 3495 voluntas
1099 3451 1169 3495 non
1190 3451 1257 3518 po-

226 3532 287 3586 test
299 3545 365 3586 non
382 3522 526 3610 priorem
539 3529 667 3584 mutare
684 3530 716 3584 et
731 3519 862 3586 tolleres
875 3519 921 3584 ΙΙ.
934 3517 1075 3586 Privati
1090 3543 1159 3584 non
1174 3541 1260 3584 con-

226 3609 315 3676 dunt
337 3611 438 3700 leges.
474 3609 583 3674 Potest
606 3609 752 3698 privatus
776 3607 861 3696 leges
886 3609 953 3674 inte
994 3609 1119 3688 reteri,
1197 3619 1259 3674 test

225 3713 259 3765 et
285 3701 458 3766 consilium
485 3699 588 3780 dare,
610 3698 893 3786 arundumteges
918 3698 957 3785 ju
981 3699 1084 3779 icaro,
1106 3631 1260 3764 sedonon

226 3791 310 3856 ferre
332 3790 416 3876 leges
433 3787 499 3876 (a),
524 3789 600 3876 quia
628 3788 683 3858 lex
702 3801 750 3854 est
778 3788 947 3855 decretum
966 3788 1088 3852 summi
1113 3787 1262 3878 impera-

210 3883 305 3948 turis
328 3878 513 3968 etquidem
536 3878 643 3952 solitu.
675 3877 737 3944 ΙΙΙ.
760 3877 871 3970 Leges
893 3875 938 3943 ab
963 3877 1267 3966 imperanto'iutoe-
