2644 4504
166 318 227 384 DE
247 315 453 386 SUSPEOT.
471 317 580 384 TUT.
600 318 662 384 ET
682 315 970 384 CURA'I'ORIB.
1017 319 1082 406 519

68 437 129 507 net,
145 428 195 492 sed
210 425 354 494 officium
374 427 600 498 administrare
622 427 841 516 prohibetur:
862 426 914 492 vel
936 443 964 490 a·
981 425 1081 491 dene-

65 512 156 596 ficio,
174 517 200 580 si
215 537 246 582 et
261 517 376 582 salario
393 517 513 582 interca
531 520 691 604 privatur.
710 517 897 580 lllalocum
917 513 1017 580 habet
1038 515 1080 580 ob

67 605 231 670 institutam
253 606 491 672 accusationem
513 607 565 670 vel
586 606 847 692 inquisitionem,
873 604 1017 690 adeoque
1039 603 1082 669 ad

67 693 156 758 solam
172 697 383 784 suspicionem
402 695 530 760 delicti:
547 697 617 760 haec
633 707 744 760 auteur
758 697 790 758 in
811 717 944 783 poenam
960 693 1081 778 infligi-

67 793 129 863 tur,
143 784 167 848 si
184 783 338 850 delictum
353 805 419 848 non
442 785 483 867 sit
503 785 547 849 ita
567 797 816 874 comparatum,
836 795 875 847 ut
897 783 967 870 quis
984 783 1080 874 plane
1185 815 1193 840 s

67 871 154 959 possit
163 873 269 939 officio
281 874 413 963 publico
428 871 562 963 privari.

102 1014 145 1070 Ad
160 1016 353 1074 remotionem
371 1018 465 1074 tendit
482 1018 563 1092 apud
580 1038 633 1074 nos
650 1015 798 1074 accusatio
818 1017 955 1091 suspecti.
970 1017 1081 1088 lmrn'o,

68 1094 100 1150 ad
112 1098 327 1172 suspensionem
339 1140 347 1165 ‚
360 1099 384 1154 si
404 1113 463 1156 tam
474 1100 609 1174 improbe
620 1102 650 1154 in
667 1099 758 1155 tutela
777 1114 912 1158 versetur
927 1110 1031 1168 tutor,
1048 1109 1084 1156 ut

68 1196 107 1232 res
127 1180 230 1254 pupilli
248 1179 398 1256 dilapidet.
418 1183 455 1238 Et
474 1183 514 1240 sie
532 1182 678 1238 accusatio
696 1180 822 1254 suspecti
840 1185 878 1240 ab
897 1181 1083 1240 excusatione

68 1259 157 1316 diflert
172 1303 181 1331 ,
195 1263 226 1317 in
242 1263 303 1338 qud
322 1274 406 1320 tutor
424 1264 521 1338 quise
540 1274 678 1330 excusat,
696 1281 750 1336 per
763 1261 964 1337 provisionem
983 1281 1092 1340 gerere*

5 1387 7 1408 ζ
69 1338 162 1411 debet,
183 1344 255 1400 diam
276 1343 387 1401 interea
410 1345 524 1402 familiae
546 1344 699 1402 consilium
721 1343 923 1402 excusationes
939 1344 1004 1417 ejus
1017 1365 1086 1419 per·
1126 1377 1133 1388 ·

5 1423 7 1488 ζ
68 1423 169 1496 pendit.
184 1425 256 1482 Ccd.
276 1427 356 1501 Nap.
376 1439 430 1484 art.
449 1425 519 1485 440.
535 1459 576 1474 -
597 1427 661 1482 Hoc
679 1437 812 1502 superest
822 1427 990 1485 notandum
1003 1429 1088 1501 quod

5 1503 6 1536 l
68 1504 120 1561 hac
141 1509 268 1564 remotio
289 1510 337 1564 vel
359 1509 511 1583 suspensio
535 1509 784 1584 pronuntiatura
804 1512 925 1566 consilio
948 1509 1086 1578 familiae,

68 1601 116 1644 art.
126 1586 202 1658 446,
216 1589 307 1647 causa
317 1591 435 1665 cognita
451 1603 479 1646 et
498 1592 595 1666 palam
614 1591 780 1658 declarata,
802 1605 856 1648 art.
874 1589 951 1666 44],
967 1603 995 1646 et
1005 1593 1087 1646 salvo

68 1671 154 1725 tutori
173 1672 378 1746 appellationis
395 1673 525 1730 remedio
536 1673 555 1746 ,¹
566 1686 620 1730 art.
637 1672 715 1742 448,
732 1671 780 1730 cui
792 1671 984 1747 appellationi
1000 1672 1088 1728 etiam

68 1748 237 1810 intervenire
250 1757 377 1828 possunt
387 1756 505 1833 cognati
515 1767 544 1813 et
555 1755 657 1814 affines
668 1757 722 1832 qui
734 1766 905 1830 suspectum
917 1755 1089 1830 postulave-

5 1903 7 1922 ι
68 1833 313 1914 πυηι,ανι.449.
409 1875 413 1884 .

433 1979 464 2066 c.
488 1977 709 2046 cucvus.

5 2179 7 2224 t
104 2142 256 2232 Sequitur
272 2143 318 2208 5⁰.
334 2142 484 2230 quaestio,
505 2144 636 2232 quando
650 2155 747 2208 cesset
765 2142 816 2206 vel
831 2140 965 2220 finiatur
985 2163 1086 2207 accu-

5 2273 6 2316 3
29 2311 32 2316 Ι
68 2233 164 2298 satio?
180 2233 258 2322 quia
272 2235 361 2298 enim
376 2231 497 2297 famosa
517 2245 581 2309 est,
597 2233 674 2298 hinc
696 2231 939 2320 quodammodo
954 2231 1090 2297 restrin-

69 2322 168 2406 gitur,
182 2336 215 2390 et
230 2344 298 2386 non
314 2345 382 2387 uno
396 2345 471 2387 casu
487 2321 582 2410 plane
596 2333 704 2386 cessat.
714 2322 810 2386 Hinc
826 2321 935 2386 statim
948 2321 1092 2410 exspirat

72 2419 111 2473 1⁰.
128 2425 237 2478 morte
252 2413 320 2490 rei,
341 2413 438 2476 modo
452 2413 608 2476 sententia
626 2411 772 2476 nondum
787 2411 872 2490 lata,
889 2412 919 2496 5.
939 2416 961 2478 8
970 2459 982 2490 ,
1000 2413 1091 2479 Isset.

69 2498 99 2564 lu
114 2511 136 2564 t.
150 2503 173 2566 l.
184 2525 269 2590 pen.
276 2499 324 2590 ff
341 2502 374 2566 h.
392 2513 415 2564 t.
437 2501 534 2565 Ratio
552 2497 600 2566 est'
610 2551 618 2581 ‚
636 2501 711 2587 quia
734 2501 797 2564 hoc
814 2500 977 2585 judicium
996 2503 1094 2567 datur

5 2583 6 2640 Ϊ
70 2590 107 2653 ad
125 2593 349 2656 remotionem·
364 2611 442 2654 cum
462 2587 595 2654 infamia
614 2591 755 2676 adeoque
776 2590 817 2654 ad
836 2613 981 2678 poenam.
1003 2592 1096 2656 Mor-

5 2761 6 2770 *
70 2688 140 2744 tuus
153 2702 235 2745 vero
250 2701 311 2743 nec
325 2679 503 2761 removeri,
518 2702 577 2743 nec
591 2677 719 2744 infamis
734 2678 801 2744 fieri
814 2729 822 2756 ,
836 2703 897 2744 nec
911 2680 1021 2770 puniri
1037 2702 1097 2768 po·

70 2778 135 2832 test.
149 2770 260 2834 Posset
272 2767 404 2856 quidem
417 2769 530 2856 aliquis
541 2769 744 2848 existimare,
760 2769 813 2832 sed
825 2767 972 2834 interesse
985 2787 1097 2834 tamen

69 2857 208 2946 pupilli,
225 2870 263 2922 ut
284 2858 443 2922 damnum
463 2880 481 2922 a
503 2869 609 2923 tutore
625 2869 758 2922 mortuo
777 2858 892 2922 datum
912 2857 974 2946 ipsi
991 2880 1094 2924 resar-

5 2965 6 2968 ’
71 2947 184 3012 cietur.
201 2947 268 3014 Sed
282 2947 494 3035 respondetur
509 2969 518 3007 t
534 2947 611 3034 Ejus
628 2947 864 3012 restitutionem
879 2957 1022 3036 repetere
1037 2969 1098 3036 po·

71 3045 129 3100 test
145 3040 282 3102 actione
296 3037 431 3116 tutelae,
448 3059 549 3124 quam
568 3047 600 3100 et
615 3037 766 3104 adversus
785 3035 916 3108 heredes
936 3037 1051 3100 tutoris
1065 3049 1097 3102 et

71 3127 226 3192 adversus
245 3125 388 3212 ejusdem
404 3123 600 3214 fidejussores
612 3148 791 3214 eorumque
805 3125 936 3190 heredes
947 3126 983 3190 in
996 3125 1099 3194 subsi-

72 3213 162 3278 dium
179 3215 270 3296 dari,
289 3217 320 3300 5.
346 3213 427 3295 adi,
444 3237 510 3302 seq.
526 3216 733 3280 ostendimus.
750 3217 832 3280 Satis
850 3237 929 3302 ecgo
944 3238 1101 3306 prospec-

71 3313 143 3368 tum
158 3317 206 3370 est
219 3305 362 3394 pupillo,
378 3315 415 3368 ut
429 3327 496 3368 non
510 3327 590 3393 opus
603 3305 661 3388 sit,
677 3305 913 3372 accusationem
931 3305 1027 3370 etiam
1043 3305 1101 3372 ad‘-
1194 3350 1198 3360 ,

72 3413 183 3458 versus
200 3406 371 3460 mortuum
386 3394 579 3460 continuari.
605 3395 651 3460 2⁰.
670 3395 793 3460 Finita
809 3395 916 3462 tutelo
930 3407 1010 3461 ants
1025 3421 1102 3462 seu-

73 3483 232 3548 tentiam.
251 3484 427 3570 Quomodo
446 3484 534 3550 enim
548 3484 709 3550 removeri
724 3507 801 3550 cuns
815 3483 949 3552 infamia
967 3497 1104 3576 potesta

71 3573 197 3652 tutela,
214 3571 271 3657 qui
280 3575 351 3661 jam
370 3584 458 3637 tutor
472 3595 535 3637 esse
553 3573 666 3638 desiit?
680 3573 702 3637 l.
713 3572 847 3662 pemffi
868 3575 890 3638 l.
910 3598 942 3656 s,
965 3576 1001 3640 Ο.
1015 3578 1045 3661 5.
1062 3579 1102 3654 8,,

73 3660 164 3728 last.
185 3662 221 3726 la.
245 3673 267 3725 t.
290 3663 360 3727 Nec
377 3675 486 3727 tamen
503 3663 694 3750 prohibetur
715 3663 878 3751 pupillus,
894 3663 987 3729 linita
1005 3664 1105 3728 tutela

75 3749 232 3816 adversus
246 3751 335 3816 hunc
348 3752 516 3817 hominem
528 3753 653 3817 actione
666 3753 773 3816 tutelae
786 3753 943 3841 experiri,
956 3754 998 3818 ad
1011 3753 1107 3816 dam-

76 3859 160 3906 num
174 3861 274 3907 omne
287 3841 362 3909 dolo
382 3842 518 3934 culpave
531 3841 629 3908 etiam
645 3842 709 3911 levi
725 3841 839 3908 datum
853 3843 1108 3912 resarciendum.
