2710 4504
201 253 246 328 cs
542 219 896 328 rnoonron.

200 363 290 458 quod
309 361 436 434 iactum
450 385 515 432 esse
537 389 610 433 soec.
638 366 750 448 XIII,
774 379 809 434 et
827 391 916 456 seqq·
944 367 1056 434 docuit
1080 365 1234 438 Struvius
1340 447 1343 450 ,

200 462 239 528 in
253 455 519 546 butoriojnris,
539 480 615 544 cap.
638 458 663 522 6
671 503 682 536 ,
704 457 736 543 §.
748 461 812 544 39,
824 481 866 546 p.
880 461 969 544 529,
988 484 1078 549 seqq.
1092 461 1108 523 Ρ
1124 462 1177 527 Ex
1191 481 1232 525 co

198 569 279 618 vero
297 566 398 636 porro
417 543 583 632 sequitur,
602 557 641 610 ut
660 545 719 611 Jus
741 545 933 615 Romanum
953 571 1021 616 non
1043 559 1150 614 totum
1172 572 1234 614 nos

198 637 338 723 obliget,
370 633 425 702 scd
453 646 613 722 quotenus
644 647 824 724 receptum.
858 637 947 704 Hinc
979 661 1095 704 omnes
1119 650 1233 726 genter

198 725 390 798 habentsuc
413 735 555 805 statuta,
572 746 631 792 sua
650 723 725 812 jura
738 726 890 814 propria,
904 726 1134 818 municipalia,
1150 747 1232 816 pro-¹

198 815 374 896 vinciulia,
397 835 472 880 suos
492 835 601 880 mores
626 823 659 880 et
684 815 942 882 consuetudines.
973 818 1096 883 Euhie
1118 818 1232 906 primo

198 905 351 972 omnium
373 905 602 973 controversioe
627 903 811 971 decidendos
837 907 969 972 suntin
994 904 1066 973 foro
1080 907 1126 972 :si
1151 929 1233 972 vero

198 994 333 1085 questio
346 993 381 1058 in
396 992 447 1058 bis
465 992 590 1058 statutis
607 992 732 1062 nonsit
753 994 858 1060 deciso
872 1017 883 1074 3
899 1006 980 1062 tunc
998 996 1034 1062 in
1048 996 1230 1062 subsidium

119 1141 122 1146 .
193 1083 375 1174 judicesad
389 1082 450 1147 Jus
464 1081 658 1152 Romanum
676 1104 842 1150 recurrere
853 1083 982 1154 debent.
994 1085 1154 1152 Praeclare
1166 1085 1233 1150 hoo

177 1173 179 1179 ’
198 1170 435 1244 demonstrarit
448 1170 980 1262 Jurisccmtrltuseummus‚·quem
993 1197 1098 1264 proce
1122 1187 1232 1241 torem

197 1270 365 1344 veneror,
388 1261 479 1326 Sam.
506 1261 678 1350 Stryckiue
702 1263 740 1328 in
759 1285 906 1350 procem.
942 1263 1037 1330 Ueris
1060 1199 1232 1331 ltiidsrm·

199 1355 337 1442 Digest.
365 1357 411 1416 2⁰.
428 1349 544 1416 Altero
557 1355 709 1437 questio,
725 1373 798 1438 quce
816 1373 860 1416 cx
878 1353 974 1418 tertio
987 1353 1052 1418 hcc
1066 1353 1233 1420 axiomute

199 1442 281 1512 solvi
316 1449 446 1530 potest,
475 1438 614 1530 pertinet
644 1439 686 1508 ad
721 1439 877 1509 Novellss
901 1441 1030 1508 Leonis.
1058 1443 1234 1529 Qnaeritur-
1272 1485 1274 1492 ·

185 1533 314 1612 renim,
336 1551 381 1595 un
402 1540 434 1594 et
453 1528 506 1593 hae
519 1529 637 1616 legum
656 1529 847 1599 auctoritate
873 1531 1043 1618 polleant?
1064 1533 1171 1619 Negat
1194 1531 1232 1598 id

198 1623 302 1704 Dom.
314 1617 592 1705 Pergenstec'berus¹
598 1621 636 1684 in
645 1619 841 1688 Admonitt.
854 1620 904 1684 cd
903 1617 951 1710 ff
964 1619 1064 1686 Part.
1081 1623 1115 1700 1,
1122 1645 1160 1708 p.
1174 1642 1211 1687 21
1219 1667 1233 1703 ,

198 1719 320 1800 negant
332 1720 364 1774 et
376 1707 451 1786 alin
466 1719 499 1772 et
508 1708 610 1774 'recto
627 1704 691 1774 Sed
702 1707 783 1778 dum
795 1709 881 1776 hooc
893 1709 1055 1776 rationem
1068 1710 1233 1791 efferunt,

194 1799 289 1892 'quod
304 1801 369 1863 Leo
384 1796 504 1864 vixerit
515 1809 585 1888 post
604 1795 712 1871 Carni.
728 1797 773 1862 M.
789 1809 975 1888 postquem
991 1799 1232 1888 imperatorum

197 1887 407 1956 orientalium
421 1885 505 1974 teges
517 1885 731 1956 Occidentem
744 1909 813 1952 non
829 1887 969 1976 amplius
983 1887 1177 1976 obligsrint,
1193 1887 1231 1954 in

198 2003 237 2047 ec
252 1977 381 2080 egregie
401 1975 572 2058 falluntur.
594 1975 795 2044 Justiniunus
809 1979 922 2058 enim,
942 1978 997 2064 qui
1022 1990 1097 2044 ante
1117 1979 1229 2044 Cerol.

198 2067 250 2138 M.
278 2065 388 2148 vixit,
410 2087 479 2130 non
504 2064 609 2154 magis
637 2066 730 2132 nobie
750 2066 835 2153 leges
863 2066 1072 2155 praescribere
1095 2067 1229 2156 potnit,

199 2179 302 2242 quum
320 2153 389 2232 Leo
407 2153 552 2243 Sapiens.
572 2155 662 2222 Vere
676 2155 785 2242 ithuc
799 2154 883 2222 ratio
902 2156 972 2221 baec
992 2168 1057 2237 est,
1081 2158 1157 2244 quia
1170 2157 1233 2222 Jus

199 2247 394 2315 Romanurn
416 2243 503 2308 velet
526 2265 570 2309 ex
594 2255 725 2332 recepto
739 2243 942 2334 :recepimus
961 2257 1073 2314 sutem
1100 2247 1231 2338 Corpus

197 2335 288 2402 iuris
303 2331 565 2412 Justinicneum,
584 2331 896 2424 adquod'Novelloc
914 2333 1032 2402 Leonis
1055 2357 1124 2400 non
1148 2358 1228 2426 per·

197 2425 334 2492 tinent:
356 2432 388 2488 et
414 2421 548 2508 quidem
573 2444 591 2486 c
617 2414 736 2486 soeculo
756 2419 864 2503 xltt,
884 2423 1001 2490 sensim
1021 2447 1094 2490 rece
1118 2423 1230 2506 imus,

196 2535 264 2604 quo
283 2509 432 2600 tempore
455 2511 553 2600 plene
571 2511 723 2576 nondum
740 2510 952 2577 innotuerunt
972 2514 1064 2579 nobis
1114 2513 1229 2580 ovellae

195 2599 318 2672 Leonis
333 2607 343 2681 ᾗ
361 2597 490 2688 quippe
515 2619 595 2687 quus
623 2601 750 2690 primus
776 2601 822 2666 in·
839 2601 947 2666 lucem
967 2603 1130 2692 protraxit
1152 2627 1227 2670 occo.

196 2693 286 2762 XV.
301 2687 426 2776 insigne
439 2689 549 2754 Frisiae
568 2701 687 2755 nostroe
702 2689 820 2772 decus,
844 2690 885 2756 V
882 2690 989 2780 igliur
1000 2692 1234 2762 Zatccemuc.

199 2777 363 2870 Quamvis
383 2777 492 2866 itaque
516 2777 580 2844 ittae
604 2777 722 2844 leonis
742 2779 890 2846 Novellae
908 2779 943 2846 in
963 2782 1122 2870 plerisque
1142 2783 1229 2848 Cor-

197 2871 287 2968 poris
306 2867 394 2934 Juris
409 2867 603 2933 editionibus
618 2868 852 2934 recentioribus
869 2883 1067 2955 occurrant,
1083 2893 1153 2937 non
1176 2883 1235 2937 te*

198 2983 276 3030 men
290 2955 473 3049 quidquam
489 2955 598 3025 volent
610 2970 725 3028 conon
741 2959 799 3024 lus
812 2959 1015 3026 Romanum.

241 3099 467 3180 nonensem]
490 3101 685 3176 Anquarenus
709 3113 807 3159 tameo
829 3103 908 3180 leges
928 3116 1036 3164 nostra
1058 3116 1089 3166 et
1113 3119 1232 3166 exteros

198 3188 354 3264 obligant,
365 3185 390 3242 si
402 3185 449 3242 vel
459 3183 491 3240 in
502 3183 597 3241 colit
609 3182 758 3253 habitent,
769 3185 815 3241 vel
826 3183 867 3242 ibi
876 3185 1046 3262 possideant
1056 3187 1228 3248 immobilis.

201 3273 276 3330 Cod.
288 3269 370 3344 Nap.
385 3279 438 3322 art.
452 3263 482 3323 3.

242 3351 361 3410 Iudices
376 3349 420 3402 ad
430 3349 485 3404 lus
497 3349 661 3404 Rornanum
672 3367 816 3405 recumre
825 3347 962 3428 debean]
977 3349 1073 3408 iudex
1085 3351 1138 3428 qui
1148 3349 1231 3426 judi-

198 3448 267 3497 care
278 3441 416 3497 recusat,
435 3428 471 3486 eb
484 3429 569 3503 quod
583 3430 629 3485 lex
648 3429 759 3486 Gallica
774 3429 858 3499 silet,
878 3443 932 3488 unt
948 3429 1076 3490 obscura
1095 3444 1157 3502 est,
1174 3445 1230 3492 ant

199 3531 263 3579 non
276 3512 383 3572 sufficit
394 3551 402 3580 ,
415 3510 561 3586 denegare
571 3507 719 3583 justitiam
730 3511 839 3568 dicitur
853 3523 882 3569 et
895 3513 951 3570 hoc
969 3514 1088 3573 nomine
1101 3526 1230 3593 tenetur.

203 3599 277 3658 cod.
290 3598 373 3670 Nap.
390 3605 444 3651 art.
458 3590 489 3649 4.
512 3593 596 3648 Tunc
614 3592 690 3648 enim
712 3593 750 3650 ad
770 3595 825 3652 Jus
844 3595 1013 3654 Romanum
1030 3608 1065 3654 ut
1084 3597 1231 3655 rationem

202 3690 308 3757 utpote
328 3675 485 3750 scriptam,
506 3673 533 3730 ei
556 3674 771 3754 recurrendum
790 3684 853 3748 cst3
874 3677 941 3734 citur
959 3678 1072 3734 nullam
1087 3679 1127 3738 cb
1143 3679 1232 3738 aliurn

202 3779 322 3824 causam
330 3757 379 3833 jus
389 3755 464 3813 illud
473 3754 503 3812 in
514 3754 618 3812 scholii
629 3758 739 3814 nostris
747 3757 932 3838 edocendum
942 3758 1172 3839 discendumque
1183 3760 1233 3832 sit,

202 3845 295 3928 quim
310 3839 389 3905 utin
400 3838 638 3920 supplementum
644 3835 709 3915 juri
719 3849 823 3903 nostro
836 3839 1019 3904 adhibentur.
