2756 4504
262 349 327 427 452
516 351 1029 439 ·nrssa11,'rr1·.1x.

438 503 470 590 ς.
493 503 748 571 ccccuxx
768 516 802 570 a
822 501 1110 574 ccccuxxr.

305 652 360 718 Ex
383 652 548 740 hocergo
567 655 731 720 axiomate
753 677 857 744 prono
875 655 967 720 alveo
982 655 1054 721 fluit
1076 683 1086 720 ι
1109 664 1151 721 1⁰.
1174 655 1273 742 Quid-
1349 669 1350 702 ἒ

260 741 340 830 quid
353 742 494 832 adquirit
515 765 626 809 servus
644 755 774 824 noster,
794 745 876 809 ittud
892 745 984 810 nobis
1003 745 1144 832 adquiri.
1164 746 1274 814 Servus
1349 803 1350 818 ἢ

261 831 352 904 enim
366 833 439 912 jure
451 844 562 898 nostro
578 845 624 898 est
638 855 704 912 res,
715 835 748 916 §-
766 855 827 920 77,
844 855 903 920 per
915 855 966 900 res
982 848 1107 900 nostras
1121 834 1211 898 nobis
1222 836 1275 897 ad·
1349 883 1350 902 2

259 919 422 1006 quiritur,
437 924 468 1008 ς.
485 921 549 1009 469
562 945 574 1000 3
587 943 666 1007 ergo
682 945 741 1008 per
754 944 863 987 servos
880 937 1006 988 nostros
1027 925 1120 988 uobis
1134 924 1273 1009 adquiri·

259 1019 336 1087 tur,
355 1033 389 1097 q.
405 1033 435 1074 e.
451 1011 484 1075 d.
500 1011 609 1076 Posses
627 1010 785 1095 objicere,
804 1031 911 1078 servos
930 1025 1041 1076 tamen
1056 1013 1201 1076 habuisse
1221 1028 1275 1099 pe-

262 1098 513 1186 culium‚idque
526 1100 700 1184 aliquando
711 1099 784 1165 satis
795 1095 1174 1178 luculentum3habuisse
1183 1101 1274 1164 etiam
1349 1119 1350 1126 ¹

259 1208 367 1252 servos
382 1210 474 1266 suos,
499 1188 556 1275 qui
574 1189 696 1252 vicani
716 1188 906 1253 dicebantur
927 1217 937 1252 ι
959 1190 1045 1253 unde
1065 1189 1222 1278 quidquid
1241 1189 1273 1253 hi

258 1276 511 1362 adquisiverint,
528 1277 563 1341 id
587 1277 685 1340 servis
708 1277 902 1363 adquisitum
924 1301 999 1344 esse.
1020 1279 1083 1342 Sed
1106 1277 1273 1366 responde-

257 1385 333 1428 mus
345 1415 355 1445 ,
371 1365 535 1452 peculium
551 1365 636 1430 servi
654 1365 835 1430 indistincte
849 1363 943 1432 fuisse
964 1365 1207 1456 profectitium:
1222 1385 1274 1454 pe-
1349 1387 1350 1412 ³

258 1453 336 1518 culii
349 1452 522 1542 profectitii
539 1454 739 1535 dominium,
755 1455 981 1543 proprietaset
1002 1455 1200 1523 ususfructus
1209 1465 1271 1520 erat

258 1564 356 1630 penes
373 1543 544 1608 dominum
560 1569 569 1606 ι
585 1543 694 1630 itaque
707 1545 805 1610 servis
818 1545 884 1608 sota
899 1544 1134 1610 administratio
1150 1543 1272 1633 permit-

256 1631 405 1713 bebatur,
428 1645 461 1698 et
482 1632 618 1700 dom'mo
637 1632 773 1714 licebat,
789 1633 1061 1720 quandocumque
1085 1633 1202 1714 veliet,
1219 1632 1272 1695 sibi
1349 1701 1350 1712 χ

258 1721 435 1786 vindicare.
460 1721 483 1786 l.
494 1743 521 1811 7
530 1771 542 1801 ,
555 1723 586 1806 §.
605 1744 617 1785 s
624 1771 636 1800 ‚
641 1720 686 1811 ff
703 1722 744 1787 de
752 1722 862 1808 pecul.
882 1723 1080 1810 Exemplum
1093 1724 1219 1808 elegans
1231 1732 1271 1784 est
1349 1751 1350 1768 κ

258 1811 345 1900 apud
359 1811 492 1877 Terent.
505 1811 540 1874 iu
556 1811 698 1876 Phorm.
719 1809 767 1874 A.
786 1833 822 1888 r,
841 1812 893 1875 Sc.
913 1835 944 1893 ν,
964 1816 1118 1900 o.5,sq.
1134 1811 1272 1874 ubicou·
1349 1825 1350 1832 ¹

257 1901 405 1988 queritur
426 1921 556 1982 servus,
581 1899 739 1986 quidquid
758 1896 930 1966 conservus
948 1923 1023 1964 suns
1043 1899 1102 1964 virt
1123 1899 1271 1964 unciatim
1349 1947 1350 1960 ,

258 1991 300 2054 de
319 1989 471 2054 demenso
485 2011 545 2054 suo
562 1988 738 2077 comparsit
757 1988 872 2068 miser,
890 1989 923 2053 id
945 1989 1137 2054 universum
1157 1986 1271 2052 auferre

258 2077 378 2144 herum
395 2079 525 2165 ejusque
548 2099 710 2158 uxorem,
733 2077 820 2141 haud
841 2079 1078 2158 existimantes,
1093 2089 1215 2164 quanto
1232 2075 1273 2138 la-

258 2167 338 2233 bore
356 2179 591 2256 partum-esset.
611 2167 722 2231 Manet
742 2189 820 2253 ergo
835 2166 943 2232 fixum
959 2179 992 2231 et
1007 2166 1165 2247 firmum,
1183 2164 1271 2252 quid·
1349 2215 1350 2236 ,

257 2256 338 2344 quid
352 2257 565 2345 adquirebant
577 2255 678 2334 servi,
690 2254 788 2320 etiam
802 2255 882 2320 dum
896 2239 1030 2341 geniuin
1042 2277 1142 2326 suum
1154 2251 1273 2319 defrau·
1349 2255 1350 2334 i

257 2345 369 2410 dautes
390 2346 513 2432 aliquid
534 2355 798 2433 consperserunt,
820 2345 854 2408 id
877 2367 975 2410 omne
998 2345 1196 2431 adquisitum
1220 2341 1272 2405 do·
1349 2355 1350 2360 ’

207 2505 217 2512 ,
257 2434 350 2500 mino
362 2433 466 2498 fuisse.
485 2435 535 2498 Ex
550 2457 616 2519 quo
632 2456 730 2520 porro
751 2441 796 2497 2⁰.
817 2433 1041 2520 consequitur,
1057 2444 1114 2514 ut,
1134 2433 1160 2498 si
1173 2449 1272 2496 servus
1349 2467 1350 2472 κ

256 2523 375 2628 plures·
390 2523 523 2588 haberet
544 2523 711 2601 dominos,
738 2522 888 2586 omnibus
910 2521 1093 2608 adquireret
1112 2544 1174 2611 pro
1188 2530 1270 2595 rata,
1349 2513 1350 2528 ¹

256 2635 279 2678 t.
296 2636 325 2678 e.
342 2635 400 2701 pro
412 2623 503 2700 parte
517 2611 673 2691 dominii,
686 2611 745 2676 nisi
759 2611 854 2674 unius
867 2610 1033 2698 speciatim
1049 2611 1140 2697 jussu
1155 2609 1205 2676 vel
1219 2605 1272 2668 uni
1349 2615 1350 2694 }

258 2701 424 2792 speciatim
436 2699 559 2787 aliquid
572 2699 756 2788 stipulando
768 2698 993 2786 adquisiverit,
1007 2703 1037 2784 §.
1050 2703 1090 2778 3,
1104 2701 1194 2764 Inst.
1207 2696 1236 2761 t.
1249 2706 1270 2756 t.
1349 2711 1350 2722 ¹

257 2793 347 2858 Hinc
360 2814 388 2855 e.
404 2812 436 2876 g.
450 2789 634 2875 fingamus,
649 2790 814 2877 primum,
825 2788 1004 2854 secundum
1020 2799 1052 2852 et
1064 2789 1195 2852 tertium
1209 2805 1271 2872 pos
1349 2841 1350 2844 ,

257 2881 358 2948 sidere
373 2901 505 2944 servum
524 2899 737 2942 communem
753 2903 761 2940 ι
777 2877 875 2965 primi
889 2900 1019 2942 servum
1034 2878 1130 2940 iilum
1145 2897 1205 2941 esse
1216 2891 1270 2961 pro
1349 2931 1350 2946 2

256 2983 348 3062 parte
370 2968 503 3034 dimidia
516 3017 525 3048 ,
549 2967 680 3032 secundi
710 2989 771 3054 pro
799 2978 935 3054 quarta,
963 2967 1049 3030 ¹tertii
1078 2966 1189 3030 itidem
1217 2979 1270 3059 pro
1349 2993 1350 3054 γ

258 3071 373 3150 quarta
391 3061 483 3147 parte
503 3083 511 3120 ε
530 3079 626 3135 sane,
642 3057 668 3119 si
689 3078 797 3119 servus
817 3055 870 3119 itte
893 3053 1078 3119 communis
1096 3053 1199 3143 operis
1216 3069 1270 3112 sun
1349 3113 1350 3136 ζ

253 3153 309 3215 ‘vel
336 3150 398 3213 alio
422 3148 507 3232 justo
530 3146 628 3213 modo
655 3144 860 3230 adquisiverit
889 3165 971 3208 1200
990 3139 1150 3224 florenos,
1172 3139 1270 3229 primo
1349 3163 1350 3168 ¹

254 3241 331 3306 inde
357 3235 561 3302 debebuutur
589 3235 652 3298 boo
666 3283 675 3313 ,
704 3233 844 3297 secundo
866 3245 899 3296 et
920 3232 1015 3296 tertio
1044 3233 1175 3318 singulis
1200 3228 1268 3292 boo.

257 3327 419 3416 Quamvis
441 3347 516 3390 vero
538 3324 648 3409 regula
670 3323 738 3385 haec
755 3343 828 3386 vera
845 3323 903 3402 sit,
918 3322 1092 3407 aliquando
1105 3333 1211 3386 tamen
1223 3313 1271 3412 do·

256 3419 426 3486 minorum
444 3435 513 3479 non
533 3413 707 3489 intererat,
731 3435 789 3500 per
807 3431 913 3476 servos
929 3411 988 3474 sibi
1000 3410 1120 3496 aliquid
1138 3406 1256 3492 adquin
1262 3447 1270 3480 ,

255 3531 284 3574 e.
310 3529 341 3595 g.
367 3504 393 3570 si
418 3525 528 3567 servus
556 3523 647 3565 meus
668 3491 885 3586 adquisivisset
918 3521 979 3564 roo
1007 3513 1106 3563 canes¹
1129 3497 1179 3562 vel
1201 3491 1268 3590 feles

256 3597 377 3663 nullius
396 3593 507 3682 pretii,
522 3591 605 3654 mihi
619 3611 679 3674 ego
692 3611 760 3652 nou
774 3589 916 3652 multum
932 3588 1111 3672 gratularer
1125 3588 1186 3651 hoc
1199 3583 1269 3646 iusi·

251 3697 319 3773 ‘gne
334 3686 474 3749 lucrum.
493 3680 581 3744 Hinc
596 3679 773 3767 prudenter
790 3677 1028 3762 distinguebant
1041 3676 1182 3741 Romani
1194 3671 1271 3762 iuter

254 3773 450 3848 dominium,
460 3767 948 3858 possessionemethereditatem.
958 3765 1276 3832 Dominiumservus

253 3863 388 3930 domino
403 3858 593 3946 adquirebat
613 3858 709 3922 etiam
731 3856 897 3940 ignoranti¹
916 3867 948 3919 et
965 3854 1085 3932 inrito,
1107 3842 1265 3942 quiaillud

252 3952 398 4045 periculo
414 3947 543 4014 carebat
559 3972 572 4018 ε,
586 3947 837 4034 possessionem
859 3967 927 4018 non
950 3944 1010 4016 uiui
1031 3943 1143 4009 scienti
1160 3951 1191 4094 ei
1211 3957 1263 4084 vta·
1349 3981 1350 3994 η

1169 4045 1223 4100 ,θῦ
1238 4043 1265 4104 ¹0
