2644 4504
1 413 2 426 p
175 339 241 406 DE
254 339 361 408 ΗΕΒ.
376 338 476 408 DIV.
492 337 715 426 ETADQU.
731 336 840 406 ΕΛΚ.
857 337 1027 406 ΒΟΜΙΝ.
1058 337 1123 424 557

1 473 2 542 j
95 446 210 514 vicinis
233 450 318 535 agris
343 460 490 539 surrepta
513 459 589 516 neta
614 448 833 536 praesumitur.
857 447 948 512 Hinc
972 447 1019 534 (a)
1043 447 1126 510 siin

90 537 205 606 medio
220 535 367 604 fluminis
381 537 460 619 sita,
479 537 535 626 qui
554 537 719 624 utrimque
736 559 830 622 agros
850 536 1032 625 possident,
1052 557 1128 614 eam

94 625 249 690 dividunt
260 649 322 715 pro
331 626 476 700 modoet
489 627 669 712 quantitate
682 649 851 713 agrorum.
865 625 918 702 Sic
930 649 959 690 ε.
974 647 1009 711 3.,
1021 623 1126 695 insula

96 713 165 778 ain
181 715 346 782 schemate
364 717 400 780 A
420 715 591 782 dividenda
609 728 688 782 esset
707 717 792 780 inter
807 714 957 779 dominos
970 733 1128 800 agrorum

96 804 140 883 d,
154 826 188 883 e,
204 803 229 868 h
238 853 248 885 ‚
264 805 296 884 i,
311 816 343 874 et
359 803 435 892 quia
449 827 637 908 possessores
651 805 695 886 d,
714 827 731 870 c
740 855 750 887 ‚
764 803 866 890 duplo
881 804 1020 890 majores
1033 823 1129 888 agros

97 891 243 974 habent,
260 916 360 980 quam
374 881 501 958 dommi
515 911 672 980 agrorum
684 893 730 973 h,
746 896 776 971 i,
790 893 868 958 hino
882 903 914 956 et
936 892 1037 980 duplo
1052 915 1128 956 ma-

92 980 203 1066 jorem
225 984 411 1070 portionem
433 982 604 1071 accipient.
623 982 668 1069 (d)
692 982 726 1046 Si
751 981 855 1046 insula
878 981 1025 1046 alterutri
1048 981 1129 1068 ripae

92 1073 312 1158 propiorem,
326 1072 380 1135 illa
400 1072 485 1136 cedit
504 1071 563 1152 iis,
584 1071 643 1158 qui
659 1090 754 1156 agros
768 1068 936 1158 proximos
951 1070 986 1134 in
999 1091 1035 1134 aa
1055 1069 1127 1154 ripa

1 1159 2 1162 ’
93 1159 280 1246 possident,
302 1159 410 1225 denuo
430 1183 499 1250 pro,
513 1160 613 1226 modo
630 1159 713 1246 agri.
733 1159 823 1224 Hinc
841 1159 877 1222 in
899 1158 1013 1224 eodem
1033 1157 1129 1224 sche-

93 1259 184 1312 mate
198 1247 246 1329 A,
261 1249 403 1314 insulam
415 1247 455 1329 b,
466 1249 551 1316 solus
564 1270 719 1338 possessor
727 1249 798 1334 agri
810 1249 824 1312 l
832 1297 842 1328 ,
856 1247 996 1316 insulam
1010 1271 1043 1324 c,
1054 1265 1130 1336 pos-

95 1357 231 1402 sessores
250 1338 451 1425 praediorum
466 1335 495 1417 f,
510 1359 551 1424 g,
568 1339 727 1426 capiunt,
746 1349 777 1402 et
798 1336 934 1422 quidemv
952 1334 983 1417 s,
1002 1348 1129 1423 partem

94 1424 198 1580 duplic
204 1427 384 1581 ΞἛἛ
388 1447 490 1514 quam
502 1449 535 1513 g.
550 1428 580 1512 ς.
591 1429 648 1506 32,
663 1427 752 1492 luet.
764 1427 797 1493 ir.
810 1437 834 1490 t.
850 1426 921 1514 ty,
932 1428 963 1510 ς.
974 1429 1017 1503 3,
1031 1425 1054 1498 ί.
1066 1448 1129 1511 29,
1154 1445 1156 1450 ·

123 1559 132 1579 .
172 1539 191 1579 e
248 1559 257 1578 .
310 1559 319 1578 .
949 1563 951 1571 .
994 1539 996 1543 ·

84 1512 175 1668 ffSi
188 1603 298 1669 insula
312 1605 347 1668 in
361 1606 552 1688 marinam,
567 1603 654 1692 quod
668 1625 744 1670 sane
756 1603 795 1670 fit
804 1585 964 1669 rarissime
978 1603 1021 1667 cb
1033 1604 1135 1678 vehes

93 1694 258 1758 mantiam
273 1691 436 1758 fluctuum
452 1693 553 1782 (Plin.
569 1695 678 1772 tul,
702 1694 780 1758 hiet.
804 1703 877 1758 nat.
897 1719 926 1758 c.
949 1693 1029 1779 86.)
1048 1705 1135 1758 tunc'

95 1781 204 1846 denuo
229 1783 314 1847 valet
333 1784 466 1868 regula,
486 1783 698 1847 accessorium
718 1782 863 1869 sequitur
883 1803 981 1846 suum
1004 1781 1134 1869 princi÷

41 1865 45 1872 ’
95 1870 182 1959 pale.
197 1871 234 1956 δ.
250 1870 327 1936 554.
351 1869 459 1958 Atqui
476 1893 567 1948 mare
585 1893 627 1936 ex
650 1871 817 1960 principiis
827 1869 909 1957 juris
924 1871 1069 1943 Romani
1082 1881 1129 1936 est

84 1981 303 2040 commune,
325 1961 468 2046 adeoque
483 1959 626 2041 nullius,
649 1961 679 2044 ς.
705 1961 780 2026 526.
804 1971 935 2045 ergoet
958 1959 1062 2024 insula
1077 1959 1131 2031 ‚ibi

96 2059 175 2113 nata
207 2061 253 2114 est
280 2049 423 2130 nullius,
446 2059 479 2114 et
502 2049 581 2113 hinc
607 2048 693 2113 cedit
717 2049 903 2137 occupanti.
939 2047 994 2135 (ς.
1025 2045 1129 2138 545.)

95 2136 143 2204 ³L.
163 2161 211 2226 y,
233 2139 263 2222 ς.
288 2141 326 2216 3,
339 2136 386 2226 ff.
413 2137 456 2202 de
477 2137 527 2202 A.
548 2137 594 2202 R.
611 2137 660 2202 D.
683 2137 718 2202 Si
731 2160 775 2203 ex
789 2144 869 2227 ag'ro
882 2159 958 2202 meo
973 2136 1011 2201 fit
1024 2135 1130 2202 insula

96 2249 163 2380 pefrr
170 2227 299 2379 flulrlnpin
314 2225 692 2379 siirffniiaoehrefffili
704 2226 771 2379 ,cin
787 2227 860 2329 loco
874 2249 892 2290 c
905 2226 1078 2380 divergdns
1092 2237 1131 2379 pt

95 2337 218 2470 dilaniiai
231 2338 345 2468 eadelin
351 2339 467 2470 iriensi
478 2336 577 2484 ‚irinc
588 2415 621 2468 et
630 2337 1020 2494 prioiidiidiiriniemdrieutl.
1033 2337 1131 2493 guy,

98 2491 191 2578 §.4,
207 2493 359 2580 t.3o,§.
375 2489 560 2582 2‚ffieod.

137 2635 225 2693 Circi
236 2635 348 2692 insutas
361 2633 606 2712 distinguendum,
616 2647 672 2692 est.
682 2638 746 2694 Aut
758 2635 836 2694 enim
849 2650 1013 2697 nascuntur
1027 2637 1059 2692 in
1073 2635 1134 2693 flu-

99 2718 179 2774 mine
197 2717 338 2792 publico,
353 2715 385 2771 id
401 2727 445 2772 est
458 2715 600 2792 navigero
610 2729 664 2774 aut
677 2717 759 2794 ligna
772 2719 883 2776 serente
894 2763 902 2790 ‚
914 2731 944 2776 et
955 2732 1026 2775 tnnc
1036 2719 1134 2775 insula

98 2799 220 2876 publica
233 2809 286 2856 est.
304 2797 374 2856 Cod.
387 2798 468 2872 Nep.
480 2811 534 2853 art.
547 2796 608 2856 tte.
625 2801 689 2855 Ant
701 2800 798 2856 insula
817 2801 950 2857 nascitur
966 2800 997 2855 in
1011 2797 1134 2855 flumine
1201 2799 1207 2805 “

96 2881 241 2954 privato,
263 2890 292 2936 et
310 2890 381 2936 tunc
401 2889 559 2936 servantur
576 2877 652 2950 juris
672 2881 797 2937 Romani
812 2883 932 2958 regulaee
946 2893 1001 2936 art.
1015 2879 1076 2938 561.
1088 2881 1134 2938 De

95 2961 198 3022 insula
208 2962 240 3018 in
256 2979 337 3018 mare
351 2960 420 3016 nata
432 2960 533 3040 Codex
546 2962 679 3035 Napoleo
695 2961 738 3016 nit
754 2962 879 3033 statuit3
898 2961 1077 3020 eredendum
1090 2971 1136 3018 est

96 3042 210 3120 igitur,
225 3063 273 3102 eas
289 3042 458 3119 possidenti¹
477 3053 506 3098 et
525 3042 727 3116 praescribenti
746 3043 859 3100 cedere.
876 3063 940 3118 arg.
960 3055 1016 3100 art.
1031 3040 1084 3101 560
1101 3043 1134 3101 iu

85 3125 169 3196 siue.

456 3237 489 3322 ς.
512 3178 774 3305 cccnvtn.
805 3269 810 3285 ·

143 3384 258 3452 Tertia
272 3396 304 3450 et
318 3395 435 3472 quarta
448 3383 635 3450 accessionis
648 3383 807 3451 naturalis
825 3385 944 3474 species
959 3397 1035 3452 sunt
1047 3388 1138 3454 allar-

1 3503 2 3508 ’
100 3473 157 3541 vio
180 3486 212 3538 et
231 3475 283 3539 vis
294 3473 472 3564 fluminis.
493 3473 639 3539 Allucio
654 3485 701 3539 est
721 3476 963 3542 incrementum
981 3467 1137 3544 beneficio

100 3561 246 3628 fluminis
269 3563 470 3651 pedetentim
490 3574 523 3627 et
541 3563 679 3629 latenter
701 3563 877 3648 adjectum·
900 3567 931 3651 5.
951 3589 1020 3645 eo,
1043 3568 1135 3632 Inst.

101 3652 136 3719 h·
157 3664 181 3718 t.
202 3651 244 3718 V
241 3653 270 3718 is
277 3651 444 3743 fluminis
465 3663 510 3716 est
528 3651 771 3718 incrementum
791 3653 891 3720 semel
910 3666 943 3720 et
960 3655 1058 3721 simul
1075 3656 1137 3720 ad-

96 3739 233 3827 jectum.
249 3742 279 3827 §.
296 3739 340 3824 4,
354 3741 442 3807 lust.
462 3741 496 3806 h.
518 3751 543 3806 t.
563 3741 784 3820 primocasu,
799 3743 1138 3831 ubipuullatimagro

100 3849 175 3897 meo
192 3831 316 3920 aliquid
336 3842 432 3896 terrae
452 3853 471 3894 a
488 3829 626 3898 flumine
648 3831 826 3920 adjicitur,
848 3830 930 3899 scire
952 3831 1137 3923 nemo‘po-
1222 3873 1226 3878 -

101 3926 161 3986 test
168 3971 182 4006 ‚
194 3923 290 4014 cujus
304 3943 385 4010 agro
399 3918 522 4015 aliquid
534 3921 719 3990 deuectum
736 3933 769 3990 et
780 3935 891 3990 nostro
906 3923 1074 4008 adjectum
1085 3921 1141 3990 sit.

920 4013 983 4082 Z5
