2756 4504
256 140 258 144 ’
270 157 283 198 t

186 357 188 368 ·
256 333 348 402 aaa
370 333 635 424 cumanus.
651 331 1044 422 cmouaauoun.
1101 292 1166 422 ⁴⁸57
1275 276 1276 280 Ὺ

135 435 318 528 quadrare,
341 445 466 534 primus
478 443 603 509 invenit
618 441 770 508 militiam
785 441 1041 522 mercenariam,
1053 451 1086 506 et
1101 441 1174 516 mi·-¹

133 531 204 598 lites
228 535 376 598 mercede
399 534 450 600 vel
475 533 635 622 stipendio
665 533 896 620 undecumque
921 532 1093 596 conduxit.
1120 527 1184 598 Ut'

131 644 211 710 ergo
227 623 375 688 homines
390 646 429 695 eo
448 622 597 702 libentius
617 623 753 690 nomina
776 622 892 688 darent
911 621 1056 702 militiae,
1079 621 1170 686 varia

132 735 177 776 ex
191 735 230 777 eo
244 724 391 802 tempore
404 709 561 781 militibus
571 734 720 778 concessa
736 711 825 778 fuere
836 711 1007 800 privilegia
1021 722 1073 792 ,et
1084 711 1170 776 inter

131 801 203 867 haec
219 803 318 868 etiam
331 803 435 885 istud,
450 803 538 892 quod
550 803 718 892 peculium
733 813 891 868 castrense
902 801 960 866 sibi
977 802 1075 892 pleno
1091 802 1167 890 jure

130 891 324 978 adquisituri
348 893 430 973 sint,
448 891 598 982 quamvis
619 891 683 957 sint
705 891 766 958 filii
788 891 937 958 familias.
961 892 1081 978 Viguit
1103 893 1168 956 hoc

156 982 341 1072 rivilegium
361 982 505 1048 militum
531 983 601 1069 jam
627 982 687 1047 sub
715 982 942 1071 Vespasianis,
970 983 1030 1046 sub
1051 980 1169 1070 quibps

130 1003 252 1138 iuven.
268 1073 341 1137 Sat.
357 1071 478 1156 XVI,
494 1097 525 1137 ν.
542 1077 601 1138 52.
621 1071 711 1138 Solis
724 1085 891 1164 praeterea
910 1071 1061 1138 testandi
1075 1073 1170 1138 mili·

133 1158 383 1248 tibusjus'vivo
395 1173 497 1252 patre
512 1161 636 1243 dictum
652 1186 737 1230 nam
747 1185 826 1251 quae
837 1172 920 1228 sunt
930 1172 1040 1249 parta
1051 1161 1170 1227 labore

132 1251 519 1340 militiae,placuitnon
531 1277 600 1317 ease
612 1253 948 1339 incorporaremus,
963 1275 1064 1317 omne
1079 1260 1170 1316 tenet

133 1343 232 1429 ciffus
247 1343 402 1431 regimen
412 1353 526 1429 pater.
542 1341 658 1408 Paullo
673 1354 745 1431 post
758 1366 775 1407 a
791 1341 995 1430 temporibus
1005 1338 1170 1406 Hadriani

114 1441 166 1503 ¹et
182 1430 345 1498 Antonini
363 1431 413 1501 Pii
427 1431 460 1496 id
474 1431 527 1518 jus
543 1431 642 1498 etiam
659 1431 701 1496 ad
714 1431 883 1522 peculium
899 1430 990 1518 quasi
1009 1442 1170 1496 castrense

131 1533 322 1609 porrectum
348 1533 412 1602 est,
444 1543 503 1587 ceu
533 1522 753 1587 demonstravi
779 1522 815 1586 in
838 1521 928 1586 Ant.
954 1517 1061 1586 Rana.
1085 1521 1119 1586 a.
1143 1531 1168 1585 t.

129 1611 162 1697 ὅ.
190 1633 232 1692 2,
255 1607 338 1686 334.
356 1613 411 1678 Ex
434 1612 496 1676 h‘ac
522 1633 600 1678 vero
617 1612 730 1698 regula
752 1611 822 1697 jam
843 1610 1027 1676 luculenter
1050 1621 1163 1698 patet,

135 1709 179 1778 ιο.
201 1713 330 1791 patrem
355 1702 391 1767 in
416 1700 503 1768 hisce
533 1701 667 1791 peculiis
692 1723 797 1790 neque
824 1699 1168 1778 administrationem,

128 1813 235 1880 neque
247 1788 489 1858 usumfructum
498 1841 507 1872 ,
516 1795 623 1879 nequ'e
635 1789 841 1870 dominium,
858 1791 914 1855 sed
927 1789 1035 1856 lilium
1054 1789 1167 1855 omnia

129 1879 202 1946 haec
221 1882 295 1967 jura
318 1882 522 1972 conjunctim
551 1881 681 1948 habere.
712 1888 757 1947 2⁰.
787 1880 1041 1946 Hunc'ratione
1067 1879 1167 1966 hujus

130 1971 300 2060 utriusque
313 1972 433 2062 peculii
448 1971 562 2038 haberi
575 1993 637 2061 pro
645 1967 895 2064 patrefamilias,
910 1969 933 2036 l.
948 1991 968 2037 e
981 2019 989 2050 ,
994 1969 1043 2060 ff
1054 1969 1096 2035 de
1109 1971 1172 2035 Se·

133 2062 414 2128 natusConsulto
422 2061 563 2130 Maced.
574 2062 718 2150 adeoque
729 2063 773 2128 3⁰..
783 2061 823 2126 de
832 2059 888 2126 illo
896 2070 929 2125 ct
940 2070 1173 2126 testamentum

129 2151 270 2218 condere
281 2164 313 2217 et
326 2153 412 2218 inter
425 2153 517 2219 vivos
532 2151 702 2240 disponere
720 2201 729 2232 ,
754 2149 1065 2238 adeoque-donare,
1087 2172 1168 2217 ven-

129 2241 228 2325 dere,
254 2253 287 2308 et
305 2263 516 2330 quocumque
539 2243 635 2307 titulo
660 2242 801 2306 alienare
825 2263 934 2334 possa,
959 2263 1065 2328 quum
1089 2239 1168 2305 alias

128 2329 216 2397 filius
228 2331 368 2398 familias
387 2332 464 2398 vivo
484 2343 577 2422 patre
599 2353 773 2418 nunquam
794 2330 903 2396 testari
918 2331 1039 2419 possit,
1064 2329 1090 2394 si
1115 2331 1168 2395 vel

129 2421 277 2489 maxime
296 2419 331 2488 id
350 2421 650 2512 eipaterexpresso
665 2421 845 2510 permittat.
866 2422 890 2486 l.
914 2423 954 2500 6,
968 2443 1027 2508 pr.
1037 2417 1085 2510 ff
1106 2419 1168 2509 qai

131 2519 204 2578 test.
210 2511 287 2598 fac.
294 2536 391 2604 poss.
399 2535 460 2602 pr.
466 2513 560 2603 'Insa
574 2509 700 2601 quidus
714 2534 784 2576 non
796 2522 965 2600 estperm.
978 2507 1133 2600 testsac.

444 2683 476 2767 ς.
506 2678 847 2747 occcnxxirt.

158 2837 226 2916 'De
252 2849 438 2939 profectitio
462 2835 592 2941 peculio
607 2845 684 2932 ¹iam,
709 2850 854 2936 sequitur
877 2851 991 2938 regula
1007 2850 1053 2915 ΙΙ.
1068 2851 1170 2917 Illud

127 2939 322 3034 plenojure
338 2943 452 3027 patris
472 2953 523 3008 est
533 2989 544 3019 ,
564 2942 715 3030 adeoque
722 2939 829 3029 filius
848 2941 887 3006 in
904 2965 943 3006 eo
962 2940 1053 3006 nihil
1063 2939 1165 3026 habet

127 3041 260 3118 praeter
269 3029 626 3110 administrationem,
642 3043 679 3096 ut
690 3031 886 3096 industriam
894 3054 988 3096 suam
996 3041 1169 3112 exerceat,
1275 3095 1279 3105 ,

125 3122 162 3207 §-
180 3143 210 3200 ι,
228 3119 317 3184 Inst.
332 3119 366 3184 a.
381 3123 405 3184 t.
419 3119 519 3186 Ratio
530 3122 565 3186 iu
580 3131 738 3210 promptu
749 3133 805 3187 est.
816 3121 918 3186 Filius
929 3121 1054 3186 ratione
1067 3119 1168 3209 patris

129 3231 200 3274 nou
212 3221 258 3276 est
272 3231 429 3297 persona,
444 3209 475 3295 ς.
496 3211 556 3276 155
570 3209 735 3298 ,adeoque
749 3223 886 3301 pateret
901 3210 986 3276 lilius
1001 3210 1167 3277 habentur

130 3320 194 3386 pro
209 3321 276 3362 una
289 3321 427 3386 persona
440 3303 475 3364 in
485 3300 621 3388 negotiis
636 3302 789 3390 privatis,
802 3303 832 3387 ς.
854 3301 932 3388 159,
949 3301 987 3380 6,
1003 3323 1174 3389 quumque

129 3409 197 3452 una
208 3410 346 3476 persona
362 3411 430 3454 non
447 3390 694 3479 possit-pactum
708 3413 820 3456 secum
835 3391 902 3480 ipsa
915 3391 1018 3472 inire,
1034 3392 1066 3476 §-
1083 3391 1169 3478 159,

131 3501 163 3566 7,
184 3477 352 3565 sequitur,
371 3490 409 3542 nt
428 3493 520 3567 pater
533 3479 602 3546 lilio
618 3481 740 3546 donare
756 3504 824 3546 non
837 3481 954 3570 possit,
970 3482 1002 3568 §.
1023 3478 1114 3561 458,
1135 3501 1168 3546 a·

129 3568 165 3634 Si
178 3577 273 3658 pater
285 3568 353 3633 filio
368 3569 492 3636 donare
507 3593 575 3634 non
588 3583 693 3660 potest
701 3621 713 3652 ,
728 3595 794 3636 non
811 3583 916 3661 potest
935 3571 1032 3636 etiam
1057 3569 1169 3635 domi·
1194 3630 1196 3634 .

129 3658 226 3726 nium
249 3659 368 3724 donata
393 3681 429 3724 re
453 3659 489 3724 in
516 3659 623 3726 filium
643 3659 828 3726 transferre.
851 3661 887 3726 Si
908 3659 1095 3726 dominium
1121 3657 1170 3725 rei

131 3749 260 3814 donatae
287 3771 357 3814 non
383 3747 552 3832 transfert,
579 3750 646 3840 ipse
671 3763 784 3815 manet
803 3753 872 3833 ejus
894 3751 1057 3816 dominus.
1082 3749 1171 3836 Ergo

130 3838 288 3927 quicquid
300 3862 318 3904 e
332 3861 368 3905 re
379 3841 480 3928 patris
493 3838 534 3904 ad
544 3839 650 3931 lilium
663 3839 901 3944 proficiscitur,
916 3841 1002 3905 illius
1016 3839 1170 3905 dominus

129 3938 224 4018 pater
237 3941 370 4014 mauet5
383 3954 416 4022 q.
432 3953 462 3998 e.
478 3929 511 3998 d.
529 3931 646 4022 Quum
661 3942 773 4024 itaque
787 3931 823 3998 in
834 3931 897 3998 hoc
912 3929 1044 4026 peculio
1058 3928 1168 3998 domi-
