2644 4504
214 101 420 218 isti-tls
475 153 512 222 ts
630 156 699 248 ,a
741 137 877 246 ‘'J''t‘

143 305 305 392 QUIBUS
320 309 466 376 MODIS
480 310 676 382 TUTELA
689 307 898 380 FINITUR.
961 307 1028 376 abb

39 410 125 477 babilis
137 415 176 478 ad
191 417 462 485 matrimonium?
478 443 522 486 an
538 420 622 487 inire
637 399 734 509 possit
749 417 930 486 seminam?
950 421 1026 504 qui·-
1109 409 1114 422 ’

40 499 79 564 bus
94 498 206 570 casibus
220 517 250 570 et
269 507 366 572 hodie
388 510 562 596 aliquando
580 511 735 598 inspectio
753 533 769 576 a
788 509 895 593 judice
914 507 1028 574 decer·

37 591 113 654 nitur.
127 593 186 658 Sed
204 595 230 659 si
245 599 377 683 quaeetio
398 610 468 663 erat
491 599 530 664 de
548 594 688 664 finienda
712 599 835 678 tutela,
857 615 1030 682 nunquam

33 701 89 742 sane
103 678 215 748 factam
237 688 334 752 credo
356 688 513 774 ejusmodi
535 690 795 776 explorationem
815 687 1028 770 genitalium,

34 768 151 856 adeoque
176 774 396 844 lastinianum
426 777 479 842 hic
510 777 679 846 manifesto
708 776 936 844 Proculeianos
960 796 1030 838 non

33 857 196 928 intellexisse
214 865 366 932 arbitror.
387 866 472 932 Utut
490 891 522 934 se
541 890 590 932 res
609 867 746 949 habeat,
762 865 858 934 bodie
877 865 1029 954 pubertas
1081 941 1083 944 ¹
1149 885 1151 890 ’

32 967 134 1036 semper
157 975 198 1018 ex
226 955 319 1022 annis
346 956 536 1042 judicatur,
561 969 594 1022 et
619 959 713 1048 pueri
739 957 892 1044 quidem,
914 954 939 1018 si
967 976 1030 1018 an-

31 1057 93 1098 num
118 1041 155 1102 14
179 1057 396 1133 superarunt,
423 1047 499 1132 quia
521 1059 600 1112 tunc
625 1058 805 1134 exegerunt
824 1045 904 1108 duos
928 1065 1031 1108 annos
1088 1121 1090 1128 y

32 1123 237 1278 cliimpctericos
249 1183 260 1218 ‚
274 1135 391 1222 puellas
405 1135 542 1218 autem,
561 1137 587 1202 si
605 1159 706 1202 annos
732 1157 769 1202 12
789 1128 931 1216 habent,
954 1130 1031 1222 qula
1069 1166 1072 1171 ·
1095 1223 1098 1230 Ι

31 1232 52 1278 u
71 1238 84 1282 e
97 1240 133 1283 ur

143 1367 209 1424 Jam
230 1381 349 1426 matura
367 1370 456 1438 viro,
473 1369 536 1444 jam
555 1371 649 1446 plenis
665 1367 774 1426 nubilis
793 1369 884 1426 annis.

57 1495 117 1555 lure
129 1501 245 1562 Codicis
257 1504 351 1560 nostri
364 1545 373 1574 ‚
388 1506 480 1562 tutela
493 1505 649 1580 pubertate
662 1525 723 1564 non
736 1503 856 1572 finitur,
867 1502 923 1561 nisi
935 1503 1033 1578 pube-

33 1595 63 1633 res
82 1583 181 1656 pupilli
205 1587 455 1660 emancipentur:
478 1588 502 1644 si
523 1587 661 1655 minime,
678 1585 781 1646 finitur
801 1586 917 1644 tantirm
941 1586 1035 1642 tutela

32 1659 78 1714 cim
90 1663 210 1736 majores
230 1687 291 1724 esse
305 1667 470 1744 coeperint:
492 1669 516 1726 si
536 1670 695 1744 antequam
713 1667 969 1742 majorennitatem
985 1665 1034 1722 vel
1085 1677 1087 1684 ’

32 1745 265 1820 mancipationem
276 1751 424 1810 consecuti
435 1749 545 1808 fuerint
555 1792 564 1819 ‚
574 1752 742 1808 moriantur
755 1791 763 1818 ‚
778 1751 870 1806 tutela
883 1769 950 1805 cum
961 1748 1034 1821 ipsis

32 1826 85 1893 perit
97 1848 105 1896 ;
121 1830 169 1886 sed
184 1830 209 1888 si
222 1831 296 1888 dum
307 1826 338 1888 in
354 1834 445 1890 tutela
456 1845 525 1890 sunt
537 1873 546 1902 ,
565 1845 649 1889 tutor
668 1851 772 1890 eorum
784 1831 799 1887 ὲ
810 1831 872 1886 vitel
884 1831 1034 1906 migrave-

31 1903 70 1974 rit,
81 1907 234 1969 dicendum
246 1925 289 1970 est
302 1933 425 1972 coenon
440 1926 500 1972 tam
511 1915 528 1971 a
543 1913 636 1972 tutela
653 1913 743 1990 quim
756 1915 773 1970 a
785 1925 885 1968 tutore
902 1912 1031 1968 liberari.

31 1984 90 2044 Idan
102 1992 146 2049 dic
160 1993 305 2052 demorsa
317 1995 395 2054 civili
408 1997 525 2054 tutoris.
538 2010 593 2053 are.
608 1997 651 2056 25-
662 1995 833 2072 Adoptione
850 1995 923 2050 verb
940 1993 1034 2050 tutela

29 2072 210 2226 ξοηδίὲιιίιιιν,
235 2078 307 2154 quia
327 2078 457 2136 minores
473 2079 611 2156 adoptari
632 2089 795 2162 nequeunt.
816 2076 890 2144 Vide
911 2087 970 2133 not.
992 2075 1036 2130 ad
1057 2099 1060 2106 ¹

42 2172 73 2208 ,ι
111 2199 118 2214 .

395 2281 428 2366 s.
458 2279 642 2348 uouxr.

58 2438 193 2526 Quartus
207 2443 326 2509 modus
339 2454 387 2508 est
402 2445 538 2516 veniens
556 2442 629 2509 dies
641 2443 694 2509 vel
706 2443 854 2510 existens
873 2441 1033 2531 conditio.

27 2523 89 2611 Sed,
104 2533 190 2598 hunc
204 2533 394 2599 modumad
407 2534 512 2599 solam
524 2533 661 2598 tutelam
673 2534 946 2600 testamentariam
959 2556 1035 2624 per·

26 2613 121 2714 tinere,
135 2623 335 2688 monuimus.
349 2624 426 2688 Solo
435 2623 524 2690 enim
538 2633 729 2688 testamento
744 2635 834 2690 tutor
847 2623 915 2688 dari
931 2634 1035 2712 potest

26 2709 141 2777 zctliem
150 2714 199 2779 vel
213 2711 278 2777 snb
290 2713 483 2778 conditione
493 2715 535 2799 (5.
551 2713 626 2793 215,
640 2713 675 2802 5)
686 2737 697 2794 3
709 2735 777 2778 non
788 2726 899 2780 autem
911 2723 1002 2793 tutor
1013 2735 1033 2778 a

15 2809 140 2878 -praetore
154 2804 366 2884 constitutus,
382 2803 429 2866 uti
444 2803 591 2890 pluribus
604 2803 781 2890 probatum
799 2805 829 2888 §.
848 2803 925 2867 245.
944 2801 1032 2871 Hinc

25 2883 41 2946 tl
53 2907 76 2950 e·
89 2911 118 2976 g.
132 2903 225 2980 pater
240 2893 275 2956 in
286 2903 476 2957 testamento
488 2891 665 2982 scripserim
685 2892 792 2958 Titius
808 2901 897 2956 tutor·
910 2889 1033 2954 libero-

25 2993 84 3042 tum
100 3001 251 3044 meorum
270 2994 336 3046 esto
359 3002 419 3070 pec
434 2980 719 3069 quinquennium
742 2982 818 3060 vel,
834 2990 926 3045 tutor
947 2990 1035 3060 esto,

23 3061 109 3132 sicine
123 3069 230 3140 liberis
244 3072 305 3136 erit
320 3098 328 3135 z
343 3083 423 3134 tunc
437 3069 549 3160 elapso*
556 3069 800 3160 quinquennio,
814 3069 864 3134 vel
878 3069 903 3134 si
915 3067 1034 3132 liberos

22 3171 149 3252 procreet
160 3171 268 3244 tutor,
285 3161 384 3226 tutela
399 3159 547 3244 cessabit,
559 3159 634 3248 quia
645 3161 717 3248 jam
731 3159 819 3226 venit
832 3158 898 3224 dies
909 3168 941 3224 et
952 3177 1033 3224 con-

22 3239 83 3310 buo
97 3249 214 3314 existit.

381 3377 413 3464 §.
442 3377 649 3448 CCLXII.

54 3531 191 3618 Quintus
209 3535 344 3618 modus,
366 3559 432 3626 quo
447 3535 560 3604 linitur
582 3539 700 3620 tutela,
722 3550 768 3604 est
789 3541 986 3622 excusatioe
1002 3553 1036 3610 et

20 3633 112 3687 sextus
126 3629 266 3693 remotio
277 3628 424 3716 suspecti
440 3629 581 3708 tutoris,
599 3630 631 3714 §.
653 3627 715 3694 ult.
737 3629 826 3696 Inct.
841 3629 875 3695 b.
891 3642 916 3695 t.
932 3629 975 3696 Et
988 3631 1031 3696 ‹le

19 3705 57 3774 his
70 3713 170 3780 modis
189 3717 259 3802 jam
279 3715 332 3802 agi
350 3713 525 3798 debuisset,
546 3717 600 3784 sed
612 3717 688 3805 quia
712 3718 746 3782 hi
760 3717 1031 3790 moditutoribus

18 3808 42 3862 tl
54 3805 249 3872 curatoribus
262 3817 339 3871 aaut
353 3827 560 3888 communes,
573 3818 605 3872 et
620 3807 749 3896 utrique
763 3820 838 3874 tum
851 3809 1030 3886 excusari,

17 3894 80 3956 tum
105 3903 271 3985 tamquam
297 3897 444 3986 suspecti
467 3897 634 3998 removeri
651 3907 792 3988 ,possunt
804 3947 815 3987 ‚
840 3896 918 3972 hinc
943 3897 1032 3964 hano
1102 3935 1107 3944 ·
