2644 4504
227 317 291 385 292
454 297 626 364 LIBER
651 301 694 380 1,
721 299 830 366 TIT.
859 293 1029 366 XXIII.

225 421 377 507 quidem,
406 443 450 486 an
477 433 642 486 curatores
665 422 817 487 omnibns
842 421 1095 488 adolescentibus
1116 419 1246 494 dentur,

224 531 286 576 nec
312 511 384 612 ne?
401 511 441 574 ld
456 511 553 612 'qnod
573 533 649 575 sane
678 513 775 613 hod-ie
801 535 842 615 ne
866 511 1099 615 stupidissimus
1122 507 1248 611 quidem

226 609 431 754 pptnaltpsopum
453 611 604 686 ignorat,
623 622 667 664 an
689 601 891 666 Tnbomano
914 611 1065 688 rgnotum
1085 598 1178 664 luisse
1199 595 1248 659 dr-

404 841 435 930 ς.
458 843 729 910 CCLXXIll
751 856 784 910 et
805 844 1076 912 CCLXXIV.

193 1001 199 1012 ’
271 1012 523 1164 Paragraplium
545 1011 781 1090 CCUleII,
801 1015 873 1100 jam
896 1035 995 1102 sopra
1019 1013 1251 1104 explicavimus

227 1101 420 1188 cumaeo

452 1101 589 1192 XVIII:
605 1103 695 1187 Ergo
706 1114 849 1190 superest
861 1115 1009 1184 tantum,
1021 1116 1060 1168 ut
1072 1103 1250 1180 videamus,

231 1195 278 1256 1⁰.
299 1191 371 1278 quis
392 1202 556 1255 curatores
579 1192 780 1256 constituat?
801 1201 848 1257 2⁰.
866 1193 1033 1278 quomodo
1053 1192 1198 1256 curatela
1217 1189 1252 1253 fi-

168 1352 171 1360 ,
228 1281 366 1344 ulatur?
382 1279 430 1344 3⁰.
446 1303 520 1366 quae
536 1279 621 1344 actio
639 1280 791 1344 adversus
806 1294 971 1346 curatores
985 1281 1082 1346 detur
1096 1281 1189 1346 linita
1202 1302 1252 1342 cu-

190 1407 202 1447 g
228 1369 354 1436 ratela?
368 1369 415 1434 4⁰.
430 1369 509 1456 quid
520 1368 561 1432 sit
573 1380 683 1449 actor,
697 1381 730 1434 et
740 1371 906 1455 quomodo
917 1394 936 1434 a
947 1383 1101 1436 curatore
1112 1368 1252 1434 differat?

195 1472 201 1484 '
275 1472 303 1536 1.
333 1470 505 1534 Curatores
524 1470 633 1556 itaque
660 1470 764 1549 daut,
790 1469 990 1557 quicumque
1016 1469 1099 1535 daut
1126 1482 1252 1536 tutores.

197 1574 202 1607 ³
230 1562 322 1628 Hinc
336 1560 415 1623 olim
432 1571 597 1624 curatores
611 1559 732 1622 dabant
748 1560 784 1623 in
798 1557 878 1622 urbe
892 1569 1029 1647 praetor,
1044 1581 1125 1624 cum
1137 1561 1255 1642 majore

190 1610 201 1756 l

231 1662 325 1740 parte
345 1648 555 1712 tribunorum
568 1646 689 1736 plebis3
709 1647 744 1711 iu
763 1647 952 1735 provinciis,
966 1649 1127 1738 presides.
1151 1649 1254 1714 Postea

231 1751 265 1805 et
284 1737 338 1824 alii
355 1738 562 1824 magistratus
578 1736 708 1826 speciali
728 1738 799 1820 lege
812 1735 903 1801 hanc
917 1749 1110 1826 potestatem
1127 1759 1255 1825 accepe

231 1837 313 1896 runt
325 1847 411 1907 ,ceu
429 1826 573 1890 diximus
589 1827 621 1911 §.
642 1831 716 1890 ιιι.
741 1825 846 1890 Hodie
861 1849 939 1891 cum
960 1849 1074 1892 omues
1087 1825 1252 1914 magistra·

231 1929 306 1997 tus,
333 1915 389 2004 qui
412 1915 463 1981 vel
489 1915 577 1980 civili
605 1913 825 1996 jurisdictione
848 1915 1013 2000 gaudent,
1039 1927 1164 1980 tutores
1186 1913 1253 1978 dare
1316 1943 1317 1966 ι

232 2005 355 2098 possint
369 2003 416 2092 (S.
433 2001 530 2089 246.)
539 2054 549 2084 ,
569 2003 669 2070 etiam
688 2003 787 2067 iidem
799 2004 925 2068 dabunt
938 1993 1115 2070 curatores.
1140 2005 1190 2068 Ex
1206 2024 1254 2066 eo·

233 2097 310 2162 dem
328 2093 423 2173 fluit,
441 2115 575 2171 omnes,
590 2090 648 2178 qui
665 2104 787 2158 tutores
804 2115 869 2157 esse
883 2105 1035 2182 possunt,
1053 2116 1146 2182 posse
1165 2092 1254 2160 etiam

233 2195 398 2250 curatores
413 2181 503 2262 dari,
518 2180 662 2268 adeoque
681 2193 714 2246 et
731 2179 971 2263 filiusfamilias,
987 2183 1088 2248 modo
1108 2183 1174 2248 siut
1191 2201 1255 2245 ma·

232 2275 394 2362 jorennes.
422 2271 485 2336 Sed
509 2270 541 2336 id
568 2271 725 2358 quaeritur
749 2296 757 2333 ε
785 2269 861 2350 Αιι,
888 2272 943 2358 qui
968 2283 1058 2336 tutor
1082 2270 1168 2351 fuit,
1192 2265 1256 2353 cogi

235 2361 352 2452 possit,
369 2371 446 2424 utet
456 2361 635 2424 curatelam
650 2359 824 2447 suscipiat?
838 2361 986 2446 Negatur
1001 2359 1036 2424 iu
1051 2361 1082 2445 §-
1101 2364 1158 2439 18,
1173 2359 1254 2426 [mr.

237 2449 281 2516 de
296 2471 407 2512 exous.
423 2459 488 2514 tut.
503 2460 535 2512 et
548 2450 631 2514 ratio
644 2461 711 2531 est,
729 2449 805 2536 quia
819 2449 950 2514 incivile
961 2461 1027 2528 est,
1042 2450 1190 2520 amicum
1203 2446 1256 2511 du·

236 2536 317 2628 plici
333 2557 431 2602 onere
449 2559 606 2622 gravare,
622 2559 726 2624 quum
738 2536 985 2618 sufficiat‚eum
1004 2538 1040 2602 in
1057 2537 1172 2626 paucis
1191 2556 1257 2623 gra·

232 2625 372 2692 tfficare.
390 2623 440 2690 At
451 2625 548 2690 hodie
558 2637 669 2690 tamen
680 2624 746 2691 fere
758 2627 878 2713 ubique
888 2639 1056 2716 receptum
1067 2639 1117 2691 est
1127 2677 1136 2706 ,
1148 2638 1199 2707 ut,
1209 2621 1259 2710 qui

238 2727 329 2812 tutor
341 2712 422 2794 luit,
435 2716 657 2780 et'curatelam
673 2715 841 2782 continuet
852 2739 953 2804 usque
964 2715 1006 2782 ad
1017 2727 1149 2806 tempus
1159 2711 1257 2801 majo·

239 2803 422 2873 renuitatis.

607 2954 905 3042 schXXV.

288 3128 335 3193 ΙΙ.
351 3126 407 3192 Ad
427 3126 662 3216 quaestionem,
683 3119 1015 3213 quomodofiniotur
1030 3123 1208 3190 curntelo?
1221 3119 1237 3186 l
1249 3157 1261 3170 -
1313 3077 1314 3118 i

244 3211 306 3282 cile
328 3217 551 3306 respondetur.
578 3215 667 3278 Nam
693 3216 738 3278 1⁰.
763 3226 920 3302 exparte
945 3216 1037 3299 ejus,
1063 3213 1118 3279 cui
1143 3225 1262 3280 curator

245 3307 360 3388 datus,
386 3307 530 3370 curatela
555 3299 689 3384 finitur,
714 3303 838 3389 quoties
862 3325 991 3382 caussa,
1022 3303 1064 3368 ob
1088 3325 1186 3390 quam
1210 3299 1262 3364 da·

246 3405 320 3476 tus,
341 3407 449 3460 cessat.
476 3395 529 3458 Sic
550 3415 578 3458 e.
603 3415 635 3478 g.
657 3403 796 3456 cessante
819 3390 948 3471 lurore,
964 3404 1062 3456 cessat
1080 3390 1203 3457 curatio
1217 3385 1263 3451 fu-

247 3485 341 3550 ‘riosia
358 3495 499 3548 cessante
513 3480 754 3569 prodigalitate,
770 3481 904 3558 morbo,
920 3481 1188 3556 minorennitate,
1202 3499 1263 3541 ces·

246 3583 296 3639 sat
315 3571 457 3638 curatela
470 3571 707 3660 prodigorum,
724 3571 973 3652 agrotantium,
992 3569 1169 3634 minorum.
1191 3566 1262 3661 Ges-

248 3672 348 3728 rante
366 3661 456 3726 enim
471 3685 578 3726 eausa
594 3669 703 3724 cessat
717 3658 862 3750 effaetus
881 3663 927 3724 2⁰.
949 3659 999 3724 Fac
1014 3671 1105 3747 parte
1121 3667 1263 3724 curatoris

248 3750 391 3818 curetela
406 3749 521 3816 finitur
532 3799 541 3830 ‚
568 3747 615 3836 (a)
633 3771 692 3836 per
708 3750 970 3829 excusationem,
991 3771 1019 3813 e.
1044 3771 1075 3835 g.
1098 3749 1125 3814 si
1145 3753 1264 3812 curator
1311 3789 1312 3794 ,

248 3840 384 3934 probet,
398 3862 430 3908 se
445 3837 632 3930 reipublice
654 3861 762 3905 caussa
786 3837 950 3904 absentem
974 3839 1126 3906 curatelae
1146 3848 1264 3928 praesse
