2646 4496
247 315 312 383 sm
424 317 1051 404 ’ΊᾹΒΕῆιμΗπμκνηι
1142 307 1146 320 “

249 426 326 491 hinc
346 428 405 492 sub
423 432 523 496 tutela
541 455 607 498 esse
622 444 756 522 possint
768 483 778 513 ,
791 445 824 500 et
841 433 974 521 quidem
987 433 1046 498 sub
1058 427 1258 520 tutelapatris

247 520 493 608 emancipautis.
600 559 602 569 ,

330 677 333 680 ’
436 679 1089 802 accxxxrveccxxxn

296 855 565 924 Fundamentum
581 857 679 946 hujus
701 859 810 926 tutelae
832 882 908 928 vere
929 871 976 925 est
991 861 1046 948 jus
1065 869 1263 949 patronatus,

251 943 292 1011 de
309 968 375 1032 quo
393 949 558 1035 superiore
574 950 670 1014 titulo
688 950 842 1016 diximus.
858 950 1161 1022 Demonstravimus
1178 967 1263 1038 supra

252 1036 303 1122 (S.
327 1038 423 1119 205.)
439 1037 734 1126 emancipationem
751 1039 873 1104 tactam
891 1051 952 1127 pe'r
976 1040 1099 1111 trinam
1118 1039 1265 1104 venditio·

252 1147 331 1190 nem
345 1135 377 1188 et
392 1126 528 1192 totidem
544 1129 821 1194 manumissiones.
836 1129 963 1197 Ultima
978 1127 1188 1196 manumissio
1201 1129 1263 1218 pla-

253 1237 395 1300 rumque
413 1215 454 1280 ab
474 1217 544 1306 ipso
566 1228 659 1306 patre
680 1217 905 1306 emancipante
927 1217 1035 1284 fiebat.
1056 1220 1131 1286 iam
1152 1239 1264 1306 quum,

253 1305 313 1390 qui
336 1305 559 1386 manumittit,
580 1306 638 1371 fiat
657 1319 813 1396 patronus
828 1333 837 1370 s
852 1307 951 1374 etiam
967 1319 1060 1396 pater
1071 1309 1266 1395 emancipant

255 1393 352 1458 fiebat
367 1395 426 1460 filii
439 1395 635 1484 emancipati
650 1410 817 1484 patronus.
833 1397 994 1462 Patronus
1007 1398 1152 1464 succedit
1164 1397 1266 1462 liberto

255 1482 297 1575 ab
310 1483 478 1566 intestato,
493 1498 615 1570 ergoet
629 1497 722 1574 pater
735 1487 803 1552 filio
816 1486 857 1550 ab
872 1486 1020 1554 intestato
1036 1486 1187 1554 succedit.
1208 1484 1266 1550 Ubi

256 1585 309 1638 eat
326 1577 546 1663 successionis
565 1575 853 1653 succlamantem,
868 1575 917 1640 ibi
930 1587 963 1640 et
979 1599 1066 1642 onus
1081 1577 1193 1642 secale
1207 1596 1267 1638 ersa

255 1661 363 1726 debet.
391 1666 515 1752 (219.)
537 1667 626 1752 Ergo
650 1677 682 1750 et
702 1687 799 1754 penes
823 1677 994 1752 parentem
1015 1689 1100 1734 onus
1115 1665 1219 1732 tutela
1237 1662 1265 1726 in

257 1753 502 1844 emancipatum
523 1779 586 1820 esse
606 1754 711 1822 debet.
733 1755 778 1842 Q.
804 1755 841 1818 E.
867 1754 909 1818 1).
933 1755 983 1818 lta
1004 1755 1265 1822 ratiocinabantur

255 1853 378 1906 veteres
398 1843 417 1908 J
421 1843 641 1924 urisconsulti‚
658 1857 691 1909 et
704 1843 747 1928 ita
770 1844 885 1912 semim
909 1839 1041 1910 inventa
1061 1857 1107 1912 est
1126 1843 1179 1912 illa
1200 1840 1265 1928 legi·

256 1929 335 1996 tima
351 1945 525 2022 parentum
539 1933 650 2000 tutela.

612 2019 941 2182 accxxxrr

303 2253 362 2320 An
379 2278 456 2321 vero
480 2255 578 2322 bodie
598 2279 727 2342 quoque
744 2253 929 2345 hujusmodi
945 2265 1090 2343 superest
1109 2251 1205 2320 tutela
1218 2269 1268 2340 pa-
1308 2279 1309 2312 r

260 2346 423 2410 rentum?
449 2347 599 2411 Minime.
627 2345 715 2409 Nam
744 2346 788 2410 1⁰.
819 2345 914 2409 hodie
941 2366 1039 2408 nemo
1062 2357 1183 2408 temere
1203 2341 1268 2406 solet

259 2435 466 2521 emancipare
480 2435 597 2506 liberos
610 2435 812 2524 impuberes,
826 2435 880 2500 sed
896 2433 986 2514 illos,
1002 2431 1060 2519 qui
1072 2433 1143 2520 jam
1154 2431 1269 2518 seipsos

259 2543 370 2607 regere
385 2537 539 2608 possunt,
558 2549 576 2590 e
595 2537 749 2614 potestate
763 2523 967 2589 dimittimus.
985 2531 1029 2588 2⁰.
1045 2522 1172 2588 Cessare
1186 2519 1269 2585 etiam

260 2603 357 2676 hodie
377 2611 521 2680 diximus
538 2614 830 2704 emancipationem
849 2633 908 2704 per
927 2611 1147 2680 venditionem
1167 2607 1270 2693 imagi·

259 2701 388 2766 nariam
403 2702 547 2790 adeoque
559 2715 591 2770 et
605 2703 870 2776 manumissiones
883 2702 980 2768 hodie
991 2713 1086 2766 extra
1101 2723 1192 2768 usum
1207 2719 1268 2763 aaa

260 2790 296 2856 Si
309 2812 377 2856 uon
392 2793 654 2860 manumittimus
667 2793 798 2872 liberos,
811 2815 870 2860 uec
884 2815 996 2858 sumus
1009 2814 1126 2858 eorum
1140 2784 1270 2878 patroni,

260 2879 405 2968 adeoque
422 2905 482 2948 nec
503 2894 625 2949 tutores
642 2883 844 2960 eorumdem.
861 2881 1021 2968 Equidem
1036 2877 1155 2969 passim
1174 2897 1271 2963 recep-

261 2983 335 3035 tum
349 2983 395 3036 est
409 2972 445 3037 in
460 2972 658 3054 Germania,
673 2984 712 3036 ut
726 2971 819 3038 liberi
836 2972 869 3038 in
884 2970 1011 3058 peculio
1032 2967 1207 3036 adventitio
1226 2977 1271 3028 tu·
1306 3003 1307 3012 κ

259 3072 367 3125 torem
382 3061 523 3128 habeant
536 3075 674 3151 patrem.
691 3061 753 3126 Sed
773 3062 840 3125 haec
859 3059 956 3124 tutela
973 3053 1070 3147 plaiae
1087 3057 1215 3123 alterius
1226 3074 1272 3117 ua·

260 3163 344 3214 turae
356 3161 412 3214 est.
427 3151 512 3216 Nam
531 3161 572 3216 1⁰.
588 3174 656 3216 non
670 3173 712 3216 ex
724 3153 798 3236 jure
812 3149 985 3228 Romano,
1002 3147 1057 3216 sed
1070 3141 1273 3218 Germanico,

262 3263 303 3304 ex
326 3240 461 3326 speculo
480 3235 649 3310 Saxonico
657 3290 668 3320 ,
693 3239 752 3306 lib.
769 3239 813 3318 I,
829 3239 912 3306 Art.
927 3237 1001 3308 XI.
1018 3246 1063 3302 2⁰.
1080 3235 1121 3304 Iu
1137 3259 1174 3302 ea
1187 3229 1273 3300 tutela

262 3351 332 3392 non
347 3329 453 3394 solum
473 3342 549 3394 sunt
566 3329 785 3416 ornancipati,
805 3329 860 3396 sed
879 3339 911 3392 et
933 3327 983 3393 sui
1006 3327 1057 3392 vel
1077 3326 1113 3390 in
1135 3329 1274 3420 potestate
1305 3357 1306 3362 κ

263 3417 440 3482 constituti.
464 3418 509 3484 5⁰.
533 3419 611 3482 Hanc
634 3417 733 3484 tutela
757 3417 955 3492 Germanica
974 3427 1021 3482 est
1041 3418 1274 3503 usufructuans·

263 3503 361 3572 Pater
377 3507 466 3572 enim
487 3519 655 3594 tamquam
675 3519 764 3576 tutor
777 3507 940 3594 legitimus
954 3505 1136 3574 liberorum
1150 3508 1185 3572 in
1200 3499 1273 3566 Ger·

262 3598 373 3661 mania
389 3595 508 3684 gaudet
525 3595 695 3664 usuFructu
714 3597 864 3664 omnium
880 3599 1040 3662 bonorum
1055 3617 1188 3676 eorum3
1200 3581 1273 3678 (1¹1⁰d

264 3685 362 3777 plane
373 3684 558 3752 inauditum
573 3698 619 3754 est
633 3679 675 3756 eit
691 3685 770 3753 Jure
784 3685 879 3754 Civili
896 3687 1136 3752 Romanorum.
1176 3729 1184 3749 ,-

303 3830 407 3886 Codei
418 3832 551 3904 Napoleo
564 3832 615 3888 dat
628 3848 792 3904 puerorum
805 3831 944 3899 tutelam,
960 3843 1002 3886 ιθ.
1013 3827 1091 3904 patri
1101 3870 1111 3897 ,
1123 3826 1173 3902 qui
1185 3839 1273 3916 ,cene

265 3924 345 3972 tante
358 3913 548 3994 matrimonio
560 3913 783 3974 administratas
799 3915 948 3973 bonorum
958 3933 970 3986 ·;
990 3923 1059 3989 post
1070 3909 1274 3970 ammomum
