2756 4504
275 373 342 444 δῶ
538 383 1043 469 tsnssrnunntut

275 491 376 558 vicini
392 493 492 560 domo
505 491 541 559 A
559 495 654 560 altius
666 494 824 576 tollendi,
836 495 982 586 adeoque
997 497 1036 562 A
1055 495 1097 562 sit
1112 495 1221 560 domus
1237 493 1281 558 ti·

274 581 537 664 oini,Bdomus
554 583 907 670 mea,Ceoutignatio
930 585 1030 652 vicini
1052 585 1281 672 asdibnsimpo-
1336 607 1337 664 1

273 667 357 748 sits,
371 693 445 736 eam
457 685 537 738 tunc
554 672 625 738 fore
637 673 825 738 servitutem
839 674 935 740 altius
947 675 1096 739 tollendi.
1110 673 1172 739 Sed
1181 671 1282 762 procul
1336 675 1337 682 ’

274 757 376 824 dnbio
390 783 427 826 es
449 761 485 828 in
499 785 535 827 ru
554 774 642 828 erret
655 762 721 830 Vir
742 762 955 828 Clarissimus.
969 763 1062 827 Nam
1073 765 1101 827 si
1114 785 1174 849 ego
1189 761 1280 827 nonti-

276 849 465 932 gustionem
480 851 647 940 imponere
660 873 792 940 possum
804 851 927 916 edibus
939 851 1063 933 vicini,
1077 864 1157 916 tunc
1170 872 1231 914 nou
1244 861 1281 912 est
1337 842 1338 928 l

274 937 409 1004 servitus
421 941 517 1006 altine
531 940 685 1020 tollendi,
703 940 759 1005 sed
774 941 910 1006 servitus
922 941 1052 1022 oneris,
1071 942 1112 1005 de
1125 963 1188 1028 qua
1199 959 1281 1027 snpra
1337 929 1338 976 l

272 1026 410 1112 egimus.
435 1031 527 1118 Ergo
548 1029 738 1095 verosimilis
758 1029 886 1095 videtur
903 1052 1020 1096 eornm
1040 1031 1216 1106 sententia,
1235 1027 1282 1112 qui

273 1111 422 1202 fingunt,
444 1130 603 1184 statutum
621 1118 758 1184 civitatis
783 1140 848 1184 esse
872 1118 1066 1198 conditum,
1089 1141 1132 1184 ne
1153 1118 1219 1205 qu'n
1235 1116 1281 1179 iu·

273 1203 343 1268 vito
357 1206 465 1271 vicino
480 1208 575 1272 altius
588 1207 747 1274 edificas
760 1207 875 1296 possit,
888 1229 990 1294 quam
1008 1208 1051 1272 sd
1071 1219 1199 1273 sermm
1215 1225 1280 1268 mo·
1338 1190 1339 1280 l

272 1291 367 1358 dnm.
381 1295 417 1359 Si
430 1308 603 1384 ergo‘tuno
618 1297 743 1362 vicinus
753 1317 773 1360 a
784 1297 892 1361 vicino
902 1300 997 1361 istam
1012 1295 1199 1360 facultatem
1208 1294 1281 1356 ultra
1338 1289 1339 1338 l

275 1383 414 1448 modum
428 1386 613 1472 legitimum
630 1385 812 1451 aedificandi
831 1385 973 1466 obtinet,
988 1393 1074 1449 tnnc
1093 1384 1188 1450 habet
1200 1381 1284 1446 servi-

274 1481 379 1536 tutem
393 1473 489 1539 ultius
504 1474 650 1539 tollendi.
671 1475 715 1539 Et
735 1496 811 1539 sane
829 1474 1017 1558 hujusmodi
1036 1485 1154 1538 statute
1177 1472 1285 1536 elimet

273 1557 392 1626 Romae
402 1573 434 1627 et
444 1563 724 1654 Constantinopoli
735 1561 847 1646 luisse,
859 1563 1030 1629 docuimus
1041 1564 1080 1628 in
1091 1561 1179 1628 Ant
1191 1561 1280 1626 Rom

275 1647 299 1712 1.
314 1650 379 1730 ΙΙ,
396 1653 447 1718 tit.
463 1651 648 1741 111,§.7.
1339 1663 1340 1678 ¹

298 1793 395 1851 Hodie
400 1813 557 1870 possumus
563 1795 699 1872 stipulari
706 1797 825 1872 quidem
832 1793 1003 1854 servitutem
1012 1794 1102 1852 alcide
1107 1813 1165 1851 non
1171 1788 1284 1856 tollendi

273 1875 327 1936 sed
339 1875 389 1934 vix
408 1889 452 1934 est
470 1890 505 1936 ut
521 1877 653 1935 similiter
663 1879 749 1936 liunt
768 1877 805 1935 de
823 1879 964 1936 servitute
983 1879 1071 1934 ultim
1089 1875 1208 1934 lauandi
1225 1889 1284 1926 cou-
1340 1888 1341 1954 1

274 1959 386 2016 venire.
407 1959 535 2036 Legibus
550 1961 629 2018 enim
639 1960 762 2026 nostris,
778 1979 840 2018 non
856 1959 980 2016 arbitrio
996 1959 1144 2034 cujusque
1159 1950 1284 2025 relinqui·
1340 1959 1341 1972 ¹

275 2052 342 2108 tur,
356 2042 541 2116 inquantum
551 2041 737 2098 altitudinem
748 2041 818 2098 velit
827 2039 946 2099 editici·
957 2058 1010 2098 sus
1022 2041 1146 2097 uehere
1158 2059 1167 2108 3
1184 2034 1229 2093 ssd
1239 2033 1283 2086 hoc

274 2123 384 2200 politiae
395 2134 458 2193 est;
478 2134 558 2180 etue
572 2124 650 2180 utut
662 2134 777 2180 eertum
788 2123 911 2179 modum
928 2121 960 2178 in
973 2119 1160 2178 altitudinem
1175 2115 1283 2176 mellan

274 2215 327 2262 tur
339 2203 476 2274 sufficia,
497 2207 633 2264 accurate
644 2216 750 2262 oeveut
762 2204 858 2262 ediles
867 2203 927 2284 (les
939 2201 1076 2279 Vuyers).

653 2357 925 2444 ecccovt

320 2518 387 2586 XI.
400 2517 555 2604 Sequitur
570 2518 714 2582 servitus
731 2516 925 2604 luminum,
941 2539 1002 2582 nec
1015 2533 1085 2580 non
1095 2512 1177 2580 vXII
1191 2503 1283 2576 servi-

279 2622 353 2688 tus,
367 2631 411 2674 ns
425 2606 616 2674 luminibus
630 2605 809 2695 efficiatur.
825 2607 889 2670 Hae
902 2606 975 2671 duae
986 2605 1155 2670 servitutes
1166 2609 1244 2666 recte
1253 2602 1284 2656 ut

276 2699 520 2786 intelligantur,
535 2695 601 2761 duo
614 2695 758 2762 notanda
780 2707 856 2759 sunt
871 2722 880 2758 ι
897 2704 944 2758 1⁹.
963 2694 1130 2760 nemmem
1145 2709 1228 2780 posse
1242 2679 1284 2746 ft·

266 2800 400 2854 nestros
424 2785 550 2876 aperire
575 2785 637 2850 nisi
659 2791 696 2850 in
723 2806 782 2849 suo
809 2784 931 2874 pariete
953 2810 963 2848 e
987 2791 1032 2848 2⁰.
1053 2803 1148 2872 ,posse
1169 2774 1284 2872 quidem

277 2898 547 2965 unumquemque
559 2872 711 2941 fenestras
724 2873 760 2939 in
771 2897 830 2940 suo
843 2874 964 2963 pariete
977 2869 1101 2954 heere,
1116 2880 1193 2957 quot
1206 2861 1282 2937 velit,

276 2968 332 3034 sed
350 2979 383 3032 et
405 2965 512 3031 vicino
531 2976 612 3029 tnnc
632 2964 729 3030 liuere
748 2983 802 3027 eas
817 2961 1007 3028 aedilioando
1020 2961 1200 3034 obstruere,
1215 2951 1235 3016 I·
1250 2949 1284 3025 3»

278 3061 308 3144 5.
326 3064 350 3123 5
361 3106 371 3136 ,
382 3055 430 3146 ff.
446 3059 478 3122 si
500 3079 586 3119 serv.
603 3054 697 3119 vind.
714 3053 736 3116 l.
754 3053 816 3117 ult.
833 3055 864 3138 5.
882 3053 944 3117 ult.
968 3052 1010 3115 de
1032 3051 1147 3115 servit.
1168 3043 1204 3109 Si
1219 3055 1283 3140 111·ςο

278 3147 404 3213 vicinus
424 3167 443 3210 s
464 3145 573 3210 vicino
593 3143 656 3206 hoc
676 3143 849 3229 impetrat,
872 3154 908 3208 ut
928 3141 1027 3231 possit
1044 3139 1081 3203 iu
1100 3135 1285 3236 ejusnpanele

278 3235 431 3301 fenestras
453 3233 594 3313 habere,
614 3254 653 3294 ea
671 3243 717 3295 est
736 3233 872 3296 servitus
885 3231 1082 3295 luminume
1100 3230 1149 3292 sin
1169 3243 1203 3287 m
1223 3232 1284 3281 11100

278 3327 401 3416 pariete
425 3323 564 3388 habeam
585 3319 759 3399 fenestras,
775 3343 851 3407 quoe
872 3321 906 3383 in
930 3318 1029 3384 vicini
1050 3337 1159 3382 aream
1181 3311 1284 3400 uperloe

277 3427 374 3496 sunt,
393 3415 483 3500 isque
502 3411 583 3476 mihi
603 3410 769 3498 promisit,
783 3432 815 3474 se
832 3429 886 3473 eas
900 3430 967 3472 non
983 3406 1218 3470 obstructurum
1231 3407 1286 3460 elle

279 3503 488 3598 qdifieando,
502 3509 640 3567 vocetur
648 3499 784 3566 servitus
797 3523 840 3563 ne
851 3495 1042 3564 luminibus
1057 3493 1227 3583 efficiant·

323 3653 478 3709 Neminem
489 3665 581 3727 posse
583 3648 735 3722 fenestras
741 3689 752 3723 ,
772 3647 845 3727 ete]
874 3647 921 3704 Itu
941 3645 1012 3704 cod.
1033 3645 1113 3724 Nop.
1132 3651 1184 3698 art.
1199 3627 1246 3712 675
1262 3633 1287 3680 el

157 3791 162 3803 .
208 3755 210 3762 ’
279 3749 359 3811 seqq.
723 3742 730 3756 ·

1055 4055 1086 4142 s·
1111 4031 1282 4148 oeoevu.
