2756 4504
220 382 286 474 ³9⁶
471 390 995 478 u1sun11,r1r.1v.

220 519 309 562 serv.
320 499 432 585 proed.
442 516 527 570 ruat.
542 505 646 571 Porro
657 507 818 574 concessio
823 510 908 574 inter
916 511 1006 576 vivos
1015 511 1051 577 fit
1059 513 1251 580 antrolun-

220 595 289 650 tate
302 586 428 654 domiin
440 613 604 682 expressa,
615 619 735 686 nempe
745 619 804 684 per
817 601 1063 688 promissionem
1074 603 1129 668 vel
1140 603 1250 693 stipu-

221 672 400 758 lationem,
419 681 470 746 uti
487 682 610 748 dictum
626 711 637 748 s
654 687 706 751 vel
722 687 889 754 voluntate
902 691 1019 771 tacita,
1037 692 1151 779 siquis
1160 715 1251 782 prec-

219 773 1252 936 accensemus-tem

218 941 557 1046 enimusnmlhctum
563 885 655 1019 'aug-l
657 889 806 1041 adquin-tll
811 957 1052 1046 prascriptione
1060 914 1154 1046 longi
1164 971 1252 1024 tem·

27 1037 173 1110 vua-²·1r0
219 1051 329 1119 pons,
349 1035 373 1100 1.
388 1037 451 1102 ult.
457 1036 530 1125 fin.
549 1040 631 1106 eod.
643 1043 686 1107 de
700 1045 793 1134 long.
808 1055 911 1133 temp.
919 1070 1065 1135 proescr.

223 1161 459 1324 πῦὲἕιθίηιοῑω
470 1169 518 1226 rel
531 1169 550 1228 i
567 1173 630 1248 lege
641 1175 689 1228 rel
702 1174 720 1230 i
732 1175 851 1266 domino
867 1176 1071 1234 constituitur.
1083 1177 1158 1234 cod.
1168 1179 1254 1254 Nap.

163 1357 178 1436 t
301 1360 306 1370 ’
391 1348 1078 1434 §.ccccxxll-ccccxxlv.

127 1441 139 1477 l

38 1561 50 1574 ι
155 1480 163 1495 ’
191 1457 385 1595 fffltera
408 1481 561 1565 questio,
586 1505 688 1569 quam
712 1486 873 1574 reliquam
899 1509 964 1553 esse
991 1486 1159 1567 diximus,
1180 1495 1254 1566 est,

24 1533 35 1626 l
120 1591 187 1663 s
224 1565 391 1650 quomodo
417 1566 617 1636 ususfructus
638 1575 737 1639 semel
758 1577 949 1640 constitutus
973 1575 1135 1642 finiatur?
1159 1575 1257 1640 Modi
1376 1629 1377 1632 η

80 1669 107 1697 ·’
223 1651 290 1720 lere
303 1677 436 1758 omnes,
449 1659 566 1744 quibus
575 1661 773 1729 ususliuctus
785 1664 1034 1746 desinit‚fluunt
1047 1664 1169 1753 exipsa
1185 1663 1259 1750 ejus
1376 1737 1377 1748 p

223 1742 410 1817 detimtrone
430 1758 463 1812 et
484 1761 613 1814 natura.
633 1751 721 1817 Nam
748 1762 792 1817 1⁰.
812 1765 911 1820 oesun
928 1751 1128 1819 ususfructus
1146 1764 1258 1817 morte
1376 1767 1377 1802 ὲ

143 1831 199 1881 f
224 1831 473 1902 usmtiuctuarii
503 1841 672 1921 naturali,
703 1842 780 1929 quia
811 1855 859 1908 est
889 1843 1026 1909 servitus
1053 1841 1257 1932 personalis,

226 1921 259 2006 ς.
275 1924 352 2013 392.
369 1925 545 1993 Servitutes
560 1930 742 2017 personales
756 1954 902 2021 personae
915 1931 1091 2011 debentur,
1109 1931 1258 2015 adeoque

225 2033 305 2076 cum
318 2035 456 2102 persona
470 2017 648 2106 exspirant.
670 2019 857 2106 Quaeritur,
871 2022 897 2086 si
917 2020 1105 2110 reipublicae
1122 2019 1259 2084 relictus

225 2100 266 2164 sit
281 2101 496 2185 ususfructus,
510 2109 642 2194 quando
651 2110 824 2196 exspiret?
845 2109 1040 2199 Respublica
1054 2122 1100 2174 est
1116 2129 1259 2196 persona

226 2191 378 2273 moralis,
398 2205 431 2259 et
449 2215 517 2260 non
539 2197 627 2262 mori
644 2197 853 2286 intelligitur,
865 2199 1024 2286 quamdin
1046 2198 1132 2264 cives
1156 2208 1259 2276 sunt,

227 2283 378 2364 quamvis
391 2305 459 2348 non
473 2283 571 2350 iidem
585 2286 745 2376 supersint
758 2289 854 2354 cives.
869 2289 932 2354 Sed
948 2289 1022 2376 quia
1037 2289 1072 2352 in
1082 2283 1260 2352 usufructu

226 2367 261 2432 id
276 2372 405 2456 agitur,
423 2396 465 2438 ne
478 2376 657 2462 proprietas
670 2377 805 2444 domino
819 2379 917 2466 plane
930 2377 971 2442 sit
987 2376 1130 2458 inutilis,
1151 2373 1261 2438 inuti-

221 2457 266 2528 ,lis
280 2471 391 2526 autem
408 2460 517 2528 futura
536 2476 613 2530 esset
625 2467 834 2554 proprietas,
851 2466 913 2532 nisi
926 2467 1102 2553 aliquando
1118 2463 1161 2528 ud
1174 2485 1260 2552 pto-

225 2546 420 2702 ¹plppetarium
435 2551 554 2618 rediret
565 2553 764 2620 ususfructus
779 2581 787 2618 ε
802 2555 880 2620 hinc
898 2556 983 2641 leges
1002 2567 1121 2620 nostrae
1141 2573 1261 2616 usum·

282 2650 375 2704 ctum
399 2641 521 2706 civitati
543 2643 596 2708 vel
617 2643 804 2732 reipublicae
824 2643 978 2708 relictum
1002 2655 1137 2708 centum
1163 2641 1262 2706 aunis

228 2725 318 2794 finiri
339 2729 478 2809 volunt,
501 2731 622 2820 quippe
646 2733 735 2819 quod
760 2743 812 2798 est
835 2732 1061 2818 longissimum
1085 2732 1161 2796 vitae
1189 2730 1262 2794 hu-

227 2839 337 2884 manae
361 2821 523 2908 spatium,
542 2821 565 2884 l.
582 2828 605 2887 5
610 2823 635 2885 6
640 2871 651 2900 ,
661 2819 709 2912 ff
732 2821 775 2886 de
800 2819 912 2905 ususr.
929 2819 1037 2886 Cessat
1058 2819 1263 2885 ususfructus

137 2961 191 2992 μ,
229 2917 280 2972 2⁰·
295 2921 403 2975 morte
416 2909 521 2992 civili,
541 2912 564 2975 i.
578 2932 607 2974 e.
623 2911 736 2998 capitis
747 2911 968 2976 deminutione
982 2911 1130 2974 maxim
1141 2920 1173 2974 et
1187 2927 1264 2972 me-

227 2995 300 3076 dia,
320 3021 385 3084 qua
400 3000 512 3064 omnia
522 2999 595 3088 jura
612 3000 781 3084 Quiritum
796 2999 866 3064 tolli
879 2998 1045 3077 solebant,
1065 3001 1096 3084 §.
1109 3001 1133 3064 3
1141 3048 1152 3079 ,
1163 2997 1260 3063 [nst.

228 3086 272 3151 de
286 3085 396 3176 usust.
416 3089 553 3154 Minima
568 3087 664 3153 hodie
678 3111 746 3153 non
757 3089 890 3177 perimit
905 3085 1165 3164 usumfructum,
1182 3086 1263 3173 quia

227 3177 263 3242 id
279 3178 333 3265 jus
351 3179 525 3266 antiquum
544 3177 673 3244 sustulit
694 3178 894 3244 lustinianus
914 3179 937 3243 l.
953 3201 1035 3266 pen.
1057 3177 1094 3242 C.
1117 3177 1151 3241 h.
1170 3186 1201 3240 t..
1216 3175 1265 3240 Et

104 3275 157 3376 sp,
226 3287 304 3332 sane
327 3287 388 3333 our
405 3287 481 3334 arro
504 3269 610 3334 atione
630 3267 845 3356 perimeretur
862 3266 1079 3348 ususfructus,
1100 3287 1205 3352 quum
1223 3265 1266 3328 in

127 3349 171 3392 s
229 3377 267 3422 ea
284 3379 366 3444 opus
376 3377 444 3422 non
459 3343 599 3447 amp'us
613 3357 653 3421 sit
665 3357 856 3444 imaginaria
870 3357 1067 3422 venditione.
1089 3355 1125 3418 ld
1148 3366 1265 3418 antem

46 3453 49 3460 '
230 3445 406 3534 quaeritur,
429 3469 473 3511 an
497 3459 530 3522 et
550 3446 663 3511 civitas
689 3447 740 3510 vel
762 3469 811 3510 res
835 3445 942 3510 ublica
954 3495 963 3525 ,
986 3445 1039 3509 oni
1061 3440 1267 3508 ususfructus

230 3535 361 3602 relictus
373 3537 433 3616 sit,
444 3535 550 3624 capite
562 3535 658 3624 possit
673 3469 860 3599 minuilllt
873 3534 1126 3622 respondemus,
1146 3533 1268 3597 analo-

228 3647 307 3714 gum
322 3623 436 3714 capitis
450 3623 708 3690 deminutionem
727 3646 791 3689 esse
810 3621 1035 3688 inductionem
1049 3621 1166 3703 aratri,
1178 3643 1268 3708 qua·

229 3715 297 3781 lem
315 3725 409 3804 capta
428 3713 625 3801 Carthagine
642 3714 745 3778 visam
764 3713 858 3778 fuisse
876 3713 1025 3779 observat
1044 3709 1268 3777 lurisconsul·

232 3815 285 3869 tus
302 3803 325 3869 l.
342 3826 397 3886 21,
402 3803 450 3894 ff
462 3803 557 3892 quib.
574 3803 666 3869 mod.
684 3801 811 3892 ucussr.
831 3804 944 3868 omitt.
963 3802 1097 3884 Sedalii
1113 3811 1267 3866 suctores

233 3894 266 3960 id
281 3893 445 3980 ignorant.
461 3895 555 3959 Solus
571 3895 732 3972 Zonaras,
746 3891 882 3980 ᾼηηιιῖ.
895 3903 976 3958 tona.
992 3887 1163 3974 a,1elert,
1178 3911 1265 3954 cau·

234 3993 307 4048 tum
328 4005 391 4050 esse
416 3983 719 4050 Senatus-consulto
730 3981 865 4069 tregam
882 3987 944 4049 ιῐνιι
962 3978 992 4046 el
1012 3987 1051 4048 ἐπ’
1066 3977 1149 4055 tusis
1168 3993 1266 4045 usar-

510 4191 545 4220 „
752 4117 922 4290 7.st
957 4107 1096 4260 ‚ip's'
1163 4077 1244 4200 μ

257 4157 329 4232 tuf·
385 4179 418 4196 ”“
