2646 4496
304 385 377 450 DE
407 379 895 454 ADOPTIONIBUS.
1050 385 1113 450 251

96 493 323 580 gadosquldem
337 486 492 566 albuna
512 496 586 584 jura
606 495 804 581 agnationis,
826 517 895 560 noa
914 505 1024 559 autem
1043 495 1120 581 jura

96 585 254 670 sanguinis
268 587 321 650 rel
340 587 557 672 cognationis,
582 587 604 650 I.
629 588 690 664 23,
707 583 754 674 ff.
774 585 808 649 a.
834 597 858 649 t.
879 585 1000 666 idest,
1024 607 1121 650 aruo-

95 683 185 758 gatus
212 675 342 766 quidem
366 674 463 740 fiebat
485 677 689 766 propinquus
704 674 789 762 patri
805 675 993 762 arroganti,
1008 673 1121 740 omni-

96 762 237 850 busque,
259 765 316 852 qui
344 787 388 828 ex
416 766 484 852 ejus
509 765 629 838 tamilla
653 775 767 844 erant,
794 787 862 833 nou
886 776 996 830 autem
1021 763 1121 832 uxori

95 849 309 939 arrogatoris,
327 855 379 919 vel
401 851 542 920 familiae.
564 856 652 920 Hinc
667 875 754 918 uxor
765 854 960 940 arrogatoris
972 875 1040 920 non
1050 864 1122 921 erat

94 941 151 1030 ipsi
164 954 288 1024 mater,
304 946 371 1029 ejus
384 942 484 1010 frater
499 968 567 1008 non
577 955 646 1008 erat
660 943 719 1036 ipsi
731 945 913 1020 avunculus
921 993 930 1024 ‚
949 944 1017 1030 ejus
1030 961 1124 1008 soror

93 1053 158 1094 non
184 1031 284 1097 tiebat
310 1034 452 1120 arrogati
474 1045 659 1099 mateiwra.
687 1033 809 1102 Contra
831 1047 1002 1120 arrogator
1024 1030 1146 1122 fiebat*

95 1131 182 1212 pater
196 1147 228 1202 ,e
246 1123 442 1210 arrogatoris
470 1121 571 1188 frater
601 1134 768 1211 patruus,
801 1123 870 1207 ejus
901 1145 994 1188 soror
1024 1103 1122 1190 fiebat

96 1211 215 1292 amita,
234 1223 296 1276 etc.
321 1209 402 1277 Inde
414 1214 606 1300 sequebatur
627 1211 760 1278 demum
779 1211 826 1277 4⁰.
842 1213 890 1278 Ut
905 1223 1075 1300 arrogatur
1090 1223 1124 1276 et
1152 1253 1190 1286 ,

93 1301 176 1387 patri
199 1303 384 1388 arrogatori
408 1303 592 1373 succederet
614 1315 646 1366 et
668 1301 819 1368 omnibus
843 1303 912 1388 ejus
931 1301 1124 1406 propinquis

94 1394 250 1477 tanquam
271 1403 408 1478 agnatus
429 1419 438 1454 a
459 1415 527 1458 non
547 1403 658 1460 autem
683 1391 802 1472 matri,
822 1403 1024 1455 nouunatrrs
1045 1413 1126 1480 pro-

9 1529 10 1562 3
93 1477 221 1570 pinquis
233 1482 290 1566 ,‘§.
306 1503 348 1562 2,
364 1477 456 1547 Insa
469 1483 511 1548 de
524 1483 617 1576 legit.
629 1507 650 1547 a
677 1505 712 1548 a.
725 1503 867 1546 aracaeus.
882 1481 965 1550 Haec
978 1481 1017 1544 de
1031 1501 1125 1544 arro-

9 1567 14 1650 ?
94 1569 246 1650 gatione'e
266 1569 462 1664 proximum
478 1584 547 1656 est,
570 1584 606 1636 ut
640 1503 680 1636 de
707 1569 881 1660 adoptione
911 1570 1019 1638 stricte
1039 1569 1126 1636 dlcta

93 1677 236 1744 agamus,

295 1769 307 1784 ''
340 1858 343 1872 ,
429 1769 784 1876 §.CLXXXIII

10 2015 11 2018 Ἴ
133 1931 304 2022 Hactenus
316 1941 355 2007 de
364 1939 568 2025 arrogatione
581 1966 589 2004 ε
600 1939 670 2028 jam
682 1939 721 2005 de
735 1939 921 2032 adoptione
932 1939 1065 2040 proprie
1079 1939 1125 2008 sic

9 2091 10 2100 ,
95 2023 196 2114 dieta,
214 2039 318 2120 quam
336 2031 380 2096 ita
393 2029 589 2120 definimus.
608 2029 754 2122 Adoptio
768 2039 815 2094 est
833 2029 919 2102 actio
940 2030 1036 2116 legis,
1059 2052 1127 2114 qua

9 2121 11 2148 ⁸
94 2117 230 2202 liberos,
246 2122 303 2208 qui
316 2121 356 2188 iu'
391 2133 542 2192 arentum
559 2131 713 2209 potestate
731 2131 826 2202 sunt,
850 2120 1044 2207 adoptamus
1063 2115 1128 2188 im.-

94 2211 190 2302 perio'
205 2233 261 2296 ma
288 2145 425 2277 iatralirs.
448 2199 599 2276 Dicimus
627 2210 673 2272 1⁰.
701 2209 870 2276 actionem
897 2207 993 2298 Iegis.
1019 2209 1129 2296 Supra

9 2343 11 2376 ,
95 2299 178 2364 enim
199 2302 248 2389 (§
296 2296 419 2386 XIX.)
440 2301 599 2382 vidimus,
615 2298 755 2368 actiones
764 2297 842 2386 legis
855 2299 985 2378 vocari,
999 2320 1071 2390 quae
1085 2299 1114 2387 (a

9 2425 10 2444 ι
95 2408 204 2456 coram
220 2399 311 2460 certo
323 2391 536 2479 magistratu,
552 2389 597 2478 (β)
613 2389 762 2458 sollemni
777 2389 843 2454 ritu
860 2399 892 2454 et
908 2386 1051 2456 formula
1061 2438 1071 2470 ‚
1083 2394 1116 2472 (r

9 2487 11 2556 ζ
97 2475 159 2548 sine
180 2491 425 2567 praemature,
449 2479 634 2549 conditione.
654 2483 687 2544 et'
714 2477 765 2544 die
794 2489 887 2544 erant
911 2478 1128 2569 explicandas.

95 2567 123 2630 T
124 2569 181 2636 alis¹
198 2591 277 2634 sero
292 2581 359 2634 erat
374 2570 599 2660 adoptioaNec
614 2569 703 2636 enirn
717 2567 872 2658 privatim
890 2565 963 2634 fieri
980 2580 1127 2667 poterat,

95 2659 145 2722 sed
157 2661 274 2724 oor‘am'
291 2653 498 2750 magistratu,
514 2659 602 2748 apud
615 2681 714 2754 quem
726 2659 804 2746 legis
818 2667 888 2724 erat
902 2657 1006 2748 actio,
1020 2657 1130 2750 quales

63 2791 67 2799 ,
95 2760 184 2813 erant
198 2743 368 2832 consules,
387 2751 615 2838 proconsules,
633 2760 806 2839 praetores,
827 2747 976 2840 praesider
991 2747 1131 2838 proriu-

95 2836 232 2902 ciarum.
253 2839 462 2932 Explicanda·
475 2839 574 2906 etiam
590 2850 659 2904 erat
678 2837 827 2902 sollemni
842 2837 909 2910 ritu
925 2847 958 2906 et
972 2835 1129 2909 formula..

95 2923 182 2996 Nam
196 2927 286 2996 filius
300 2952 318 2993 a
333 2940 426 3017 patre
440 2921 533 2994 alteri
547 2925 715 3021 adoptanti
733 2937 782 2994 ter
797 2925 999 2997 vendebatur
1037 2947 1073 2993 er
1086 2911 1132 2999 ks

95 3025 124 3080 et
137 3017 259 3084 libram
274 3039 327 3082 seu
349 3019 642 3108 mancipationem,
659 3027 691 3080 et
709 3028 815 3081 emtor
835 3014 988 3088 utebatur.
1014 3039 1132 3091 ormu-

9 3181 10 3196 χ
96 3101 143 3182 la,
157 3109 251 3196 hano
267 3130 329 3196 ego
350 3097 523 3172 immineas
542 3129 657 3172 meam
676 3130 746 3171 esse
766 3106 844 3185 aio,
863 3115 913 3170 est
928 3106 1021 3173 enim
1041 3106 1129 3174 asilii

96 3209 204 3262 erutas·
220 3192 281 3266 lior:
296 3219 363 3266 aare
371 3247 382 3280 ,
398 3187 462 3260 liae
476 3194 748 3292 oeneaquelibra·
762 3194 844 3262 th.
857 3194 1007 3280 Antiqa.
1023 3197 1126 3266 Rom.

99 3289 180 3351 nost,
197 3285 231 3350 Ῑι.
252 3297 276 3350 t.
289 3283 341 3359 lta
356 3297 389 3350 et
402 3287 513 3374 paullo
529 3297 601 3374 post
617 3284 798 3351 videbimus
807 3334 816 3365 ‚
832 3283 1044 3372 adoptionem
1067 3311 1128 3357 neo

9 3411 10 3460 3
98 3395 152 3472 per
174 3387 422 3469 procuratorem
435 3376 504 3444 lieri
517 3376 676 3464 potuisse,
692 3397 753 3440 nec
768 3371 828 3438 sub
840 3373 1048 3454 conditione,
1068 3399 1128 3446 nae

9 3463 10 3472 ’
99 3483 131 3525 m
149 3465 247 3534 diem.
268 3463 429 3552 Adeoque
447 3485 525 3534 cum
540 3467 651 3529 omnia
673 3463 778 3528 adsint
793 3461 945 3552 requisita
960 3465 1130 3536 actionum

99 3549 194 3637 legis,
213 3555 347 3642 adoptio
366 3565 451 3620 recta
466 3555 510 3624 ita
525 3553 689 3630 definitur.
708 3551 891 3634 Addimus,
907 3575 977 3642 qua
991 3555 1130 3644 liberos,

61 3675 71 3692 a
103 3644 160 3728 qai
179 3646 215 3708 in
225 3645 414 3732 parentiam
430 3644 606 3731 potestate
623 3654 705 3709 sunt
716 3693 726 3726 ,
751 3643 958 3734 adoptamus
984 3646 1129 3730 imperio

104 3735 327 3821 magistratus
341 3760 354 3811 ,-
371 3733 489 3821 quibus
505 3733 610 3798 verbis
634 3733 765 3820 adoptio
785 3732 826 3800 ab
841 3733 1047 3816 arrogatione
1064 3735 1132 3808 diss·

104 3822 253 3888 cernitur.
271 3821 345 3888 Hac
360 3823 468 3903 enim,
490 3833 526 3885 ut
548 3845 583 3885 su
611 3845 645 3886 ra
667 3821 827 3902 vidimus,
850 3823 1049 3910 adoptantur
1070 3826 1132 3889 ho-

103 3909 202 3976 mines
214 3911 264 3978 sui
276 3911 378 3998 juris,
393 3913 446 3976 uel
463 3847 707 4000 patresliinilias
720 3937 728 3974 ε
741 3911 915 4000 adoptione
932 3922 1045 3977 contra
1060 3913 1132 3979 filii-

104 3993 247 4068 familias.
259 4001 390 4069 Deinde
406 4001 571 4092 arrogatio
590 4000 781 4092 erimperto
799 3999 978 4166 9τίηοίῐὲἰῖ
998 4001 1131 4094 adoptio
1180 4080 1183 4088 s
