2644 4504
257 305 328 378 tta
478 314 661 384 LIBER
688 317 723 400 I,
748 317 864 386 TIT.
891 319 1057 387 XXVI.

256 433 332 500 Imo
355 435 621 523 obseruandum,
644 463 795 530 personas
816 442 973 530 quasdam
997 440 1099 506 teneri
1120 449 1269 529 suspectos

258 533 381 624 tutores
399 549 567 611 accusare,
589 531 669 596 adeo
688 543 746 611 ut,
762 532 824 596 nisi
845 531 880 596 id
902 531 1059 610 fecerint,
1080 530 1154 618 ipsae
1174 530 1269 616 poenis

258 611 366 698 thgnae
385 615 567 684 videantur.
583 621 679 686 Tales
700 631 776 686 sunt
794 633 984 686 cantatores
990 670 1001 699 ,
1022 618 1098 706 qui,
1116 618 1176 682 nisi
1189 629 1270 682 tuto-

256 722 330 764 rem
346 706 430 771 male
441 719 606 794 gerentem
620 721 786 792 accusent,
799 709 859 799 ipsi
874 733 971 775 omne
984 709 1143 784 damnum
1157 705 1268 787 ferant,

259 788 283 852 l·
306 793 330 854 3
337 841 348 870 ‚
364 815 424 880 pr.
449 797 483 860 t.
507 809 531 863 t.
553 797 690 878 liberti,
712 821 792 887 quos
812 799 992 868 reverentia
1013 819 1093 884 erga
1107 807 1271 886 patronum

257 879 402 948 excitare
417 884 570 968 debebat,
586 909 627 954 ne
642 901 783 954 tutorem
798 888 834 954 in
849 887 941 954 bonis
957 887 1135 952 liberorum
1155 883 1272 977 patroni
1313 899 1314 940 1

258 971 396 1052 grassari
419 986 609 1061 paterentur
621 1026 631 1057 ,
658 978 681 1042 l.
704 981 750 1058 3,
777 979 807 1064 ς.
834 1003 867 1056 r,
886 977 960 1044 eod.
982 987 1015 1042 et
1034 967 1179 1064 pe'raonaa
1200 996 1271 1038 con-

252 1057 397 1143 junctae,
412 1061 448 1126 in
466 1064 579 1152 primis
602 1077 723 1131 mater.
743 1066 821 1132 Non
839 1079 949 1132 tamen
964 1077 1070 1154 potest
1089 1065 1155 1152 ipse
1175 1061 1271 1151 pupil-

259 1145 336 1226 lus,
345 1150 420 1235 quia
434 1152 618 1240 impuberes
635 1177 702 1220 non
715 1155 835 1220 habent
849 1178 1019 1244 personam
1034 1153 1143 1218 standi
1155 1150 1188 1216 in
1197 1151 1272 1237 judi-

259 1237 334 1314 cio,
350 1250 382 1301 et
401 1263 461 1304 nec
477 1265 539 1330 pro
551 1264 583 1318 se
602 1267 661 1308 nec
675 1267 737 1332 pro
751 1245 821 1309 aliis
837 1245 1000 1334 postulare
1013 1254 1170 1333 possunt,
1182 1241 1271 1304 immo

258 1347 302 1391 nc
320 1326 456 1410 puberes
475 1329 629 1416 quidem,
646 1333 672 1397 si
689 1333 752 1397 sint
770 1333 976 1400 minorennes
994 1331 1090 1398 annis
1112 1354 1164 1417 17.
1184 1329 1224 1396 L.
1242 1351 1271 1407 t,

259 1415 292 1500 §.
307 1417 349 1493 3,
360 1414 407 1506 ff
422 1419 464 1482 cle
471 1423 601 1506 postul.
618 1423 653 1485 Si
666 1434 777 1487 autem
790 1423 850 1488 hos
866 1445 970 1489 annos
983 1419 1100 1508 egressi
1114 1421 1193 1499 sint,
1207 1429 1271 1481 tunc

257 1515 346 1569 recte
372 1519 506 1598 possunt
528 1509 587 1575 hos
610 1522 772 1576 curatores
799 1522 970 1591 accusare,
992 1511 1094 1576 modo
1117 1509 1152 1574 id
1171 1505 1271 1571 iaciant

260 1615 340 1658 cum
353 1597 487 1662 consilio
499 1601 771 1679 necessariorum,
788 1599 811 1666 l.
822 1623 847 1689 7
856 1611 867 1681 3
880 1625 935 1687 pr.
937 1601 984 1691 ff
996 1603 1027 1686 ς.
1046 1605 1071 1664 4
1080 1650 1089 1682 ,
1109 1599 1136 1664 J
1135 1608 1197 1662 mt.
1213 1597 1241 1661 ir.
1252 1605 1270 1656 t.

259 1680 411 1770 Denique
433 1697 465 1751 ct
492 1709 535 1752 ex
558 1687 665 1753 officio
686 1700 790 1778 potest
814 1691 1041 1780 magistratus
1066 1683 1271 1776 inquirerent

211 1849 221 1870 ι
259 1783 384 1838 tutores
391 1787 571 1866 suspectos,
587 1780 736 1864 quamvis
744 1801 842 1844 nemo
854 1791 996 1857 accusata
1010 1776 1166 1866 quodhic
1179 1774 1271 1857 singu·

260 1861 328 1926 lare
351 1875 409 1929 est.
432 1867 536 1954 Apud
557 1867 726 1950 Romanos
745 1871 834 1934 enim
851 1868 1058 1954 magistratus
1078 1866 1207 1953 quidem
1226 1860 1270 1924 ali-

261 1953 394 2038 quando
412 1976 455 2018 ex
477 1945 585 2020 officio
608 1956 813 2043 inquirebat,
833 1956 887 2020 sed
910 1958 945 2021 in
965 1951 1083 2042 delicta
1103 1966 1135 2020 et
1154 1951 1271 2018 crimina

263 2039 395 2195 public}
407 2045 426 2128 ,t
436 2065 505 2108 non
517 2043 552 2109 in
566 2045 737 2112 utilitatem
751 2043 894 2138 privati,
908 2046 931 2111 l.
943 2047 984 2125 3,
996 2047 1026 2132 ς.
1041 2043 1066 2108 4
1074 2041 1140 2135 ,ff
1152 2041 1193 2108 cte
1204 2037 1270 2128 offic·

257 2151 368 2218 prorsa
395 2175 404 2194 .
1056 2178 1060 2184 .

268 2307 273 2316 ¹
304 2283 395 2354 Quod
409 2283 484 2341 actio
498 2283 625 2360 suspecti
642 2283 679 2344 sit
695 2284 780 2359 quasi
799 2283 937 2360 publica,
957 2302 995 2340 eo
1011 2301 1101 2342 sensu
1117 2279 1197 2358 quod
1216 2293 1273 2354 pro·

264 2361 375 2420 miscui
394 2385 515 2436 omnes,
535 2367 622 2422 ctiam
640 2385 772 2442 quorum
792 2386 853 2424 non
872 2366 1014 2430 interest,
1027 2377 1197 2440 suspectum
1209 2370 1273 2416 tuto·

264 2463 329 2501 rem
353 2463 491 2504 accusare
516 2449 651 2522 possint3
674 2447 811 2504 sustineri
829 2458 947 2521 potest,
977 2467 1039 2522 arg.
1062 2458 1119 2502 art.
1143 2443 1200 2502 tot
1218 2437 1272 2496 Cod·

265 2527 368 2601 Nap.,
381 2528 516 2602 quamvis
530 2529 611 2584 aliud
628 2525 751 2586 innuere
768 2528 922 2596 videatur,
935 2539 991 2584 art.
1009 2524 1080 2585 446.
1099 2557 1142 2571 -
1153 2517 1273 2582 nonanti

265 2625 369 2664 sumus
391 2627 446 2664 nos
465 2608 631 2684 improprie·
646 2609 691 2666 his
709 2610 756 2669 uti
774 2609 1064 2666 denominationibus
1079 2649 1089 2678 ,
1103 2609 1208 2664 cumen
1224 2621 1274 2657 sus·

258 2692 360 2768 pecti,
385 2693 530 2748 accusatio
544 2693 678 2766 susrjrecti.
698 2693 770 2748 Jure
789 2691 867 2746 enim
884 2703 1008 2762 nostro,
1026 2709 1091 2746 non
1103 2708 1157 2764 per
1172 2683 1272 2743 modom

1312 1169 1314 1202 Ι

1312 1205 1314 1240 l

1312 1249 1314 1268 t

1313 1279 1314 1290 r

264 2771 459 2830 accusationis
480 2774 541 2830 haec
560 2785 649 2830 cansa
669 2785 833 2841 tractatur,
850 2772 901 2830 scd
918 2789 1019 2828 coram
1039 2771 1162 2827 consilio
1180 2762 1273 2824 familia
1310 2803 1311 2808 1

265 2855 356 2912 modo
378 2852 507 2912 indicato
537 2856 590 2912 sub
612 2851 642 2933 ᾗ.
665 2853 720 2930 ,icy
742 2857 772 2910 in
807 2873 864 2910 ane.
889 2853 950 2910 Has
974 2863 1074 2909 autern
1098 2849 1273 2908 retinuimus,

169 3003 172 3010 f
258 2937 355 3014 quia,
367 2937 424 2994 hcc
435 2937 569 3005 monito,
590 2937 674 3014 qnod
687 2937 827 2994 volumus
840 2931 1050 2994 convenienter
1063 2932 1236 3010 exprimant.

672 3093 705 3178 §-
729 3091 882 3158 cccv.

310 3261 486 3342 Vidimus,
510 3259 568 3347 qui
587 3257 708 3348 possint
726 3271 878 3322 accusare
895 3263 1058 3345 suspectos
1076 3279 1086 3320 a
1103 3249 1274 3342 proximum

267 3361 332 3430 cst,
356 3352 401 3415 5⁰.
420 3363 458 3414 ut
479 3349 676 3427 doceamus,
695 3347 753 3434 qui
769 3344 914 3410 accusari
932 3343 1077 3433 possint?
1096 3343 1138 3408 Et
1156 3339 1206 3406 hic
1220 3355 1275 3404 res·
1309 3406 1310 3412 ἵ

267 3439 451 3528 pondcmus
474 3463 483 3500 z
506 3459 548 3524 es
572 3435 758 3502 definitione
780 3433 812 3520 §.
832 3433 914 3512 301,
935 3455 1069 3514 omnes,
1088 3432 1145 3520 qui
1162 3447 1224 3493 non
1241 3439 1274 3485 es
1309 3431 1310 3444 ¹

267 3528 332 3596 fide
353 3537 490 3613 gerunt,
511 3525 577 3597 sive
600 3525 665 3592 sint
683 3522 937 3604 testamentarii,
959 3523 1025 3588 sive
1046 3517 1201 3608 legitimi,
1222 3511 1273 3576 sire
1309 3536 1311 3578 t

268 3616 381 3684 dativi.
403 3613 475 3682 Neo
495 3614 648 3697 interest,
666 3636 711 3680 an
730 3611 968 3678 satisdationem
984 3609 1096 3676 offerat
1112 3613 1271 3696 suspectus,

267 3707 310 3774 ob
324 3704 486 3770 rationem
499 3728 597 3792 supra
617 3703 668 3792 (§·
685 3699 787 3789 501.)
802 3701 992 3790 allegatam,
1008 3700 1083 3786 quia
1098 3695 1209 3764 melina
1219 3697 1272 3761 eal,

266 3797 309 3862 ab
323 3795 416 3860 initio
431 3794 506 3881 jura
524 3805 706 3860 sartatecta
724 3813 867 3872 serrare,
882 3813 983 3878 qnam
1002 3787 1167 3854 vulnerata
1182 3793 1271 3846 canat

265 3885 449 3974 remedium
466 3904 630 3972 quarere,
650 3875 714 3952 La
723 3929 736 3966 ,
754 3879 776 3947 l.
798 3883 822 3948 6
828 3929 840 3961 ,
843 3877 890 3970 ff
909 3880 944 3948 a.
962 3890 985 3966 t.
1005 3875 1160 3966 Quamvis
1175 3881 1269 3938 auten
