2646 4496
384 311 455 378 nn
484 284 761 379 rurnbrs.
861 303 865 310 ’
1017 309 1083 400 249
1222 376 1224 382 ,

80 441 175 485 omnes
201 420 361 509 peregrini
385 421 469 486 servi
482 431 580 502 sunt.
610 419 672 485 Sed
696 415 875 510 respondeo
901 443 913 484 s
938 415 1086 506 indigent

28 511 29 514 ’
79 510 162 573 etiam
176 510 312 574 aliorum
335 509 515 575 defensione
535 509 718 596 peregrini,
739 509 793 574 sed
807 529 874 572 non
887 509 1017 599 praecise
1030 509 1084 573 in-

78 598 172 684 digent
185 599 281 664 tutela
293 599 375 688 juris
390 599 544 664 Romani.
560 599 645 663 Sunt
659 602 757 662 etiam
772 597 869 662 libera
886 597 992 688 capita
1005 646 1013 676 ,
1027 597 1082 664 sed
1172 653 1174 661 s

77 687 103 750 in
115 688 211 774 patria
226 711 301 768 sua,
324 711 391 754 non
403 689 539 768 Romae,
555 711 659 774 quum
680 709 747 752 non
761 687 923 774 gaudeant
935 686 1082 752 libertate
1114 729 1117 744 .

76 777 239 860 Quiritum.
253 777 319 841 Cic.
329 801 397 866 pro
411 776 535 842 Coeein.
557 801 585 842 e.
604 779 663 841 33.
683 777 772 863 Ergo
792 787 936 842 tutorem
950 776 1084 863 quidem

76 866 224 954 accipiunt
238 865 421 954 peregrini,
437 865 492 932 sed
507 887 550 930 ex
557 869 632 954 jure
644 867 757 954 patriee
770 885 854 946 suat,
869 888 937 930 non
948 887 990 930 ex
1008 865 1082 950 jure

28 1007 29 1020 ,
74 952 231 1031 Romanoa
253 955 530 1042 quemadmodum
552 967 583 1019 et
606 955 735 1043 nuptias
753 954 875 1020 iaciunt
894 953 1081 1043 peregrini,

28 1109 29 1114 ,
73 1051 246 1109 testamenta
271 1045 434 1125 condunt,
461 1041 650 1110 hereditates
675 1043 835 1132 legitimas
859 1043 1002 1124 adeunt,
1027 1043 1083 1106 sed
1169 1057 1171 1063 '

28 1135 30 1188 l
73 1153 129 1232 nou
150 1155 189 1198 ex
206 1134 283 1222 jure
304 1133 476 1216 Romano,
500 1133 593 1220 eujus
611 1133 775 1224 peregrini
795 1155 863 1198 non
882 1145 958 1207 sunt
980 1131 1083 1223 parti-

28 1239 30 1252 ’
74 1241 157 1310 cipes.

28 1357 30 1460 ἰ
326 1327 367 1414 ·§.
394 1325 569 1398 CCVIII
590 1331 629 1393 'et
656 1323 799 1396 CCIX.

28 1473 30 1498 '
106 1470 250 1562 Superest
260 1471 461 1541 ueroultima
475 1467 618 1557 quaestio,
631 1470 812 1558 quotuplex
824 1467 849 1534 si
861 1469 960 1535 tutela
972 1469 988 1533 i
999 1468 1082 1533 Res·
1102 1481 1120 1566 ι

71 1561 256 1647 pendemus,
285 1581 348 1626 esse
373 1559 561 1650 triplicem:
584 1557 924 1638 Ybstamenturium,
949 1559 1081 1644 quando

71 1660 148 1735 pater
156 1649 264 1716 liberis
273 1659 414 1714 tutorem
425 1648 481 1714 dat
488 1647 1081 1738 testamentosLegitimaquusndo

71 1740 188 1804 tutelam
211 1737 390 1828 suscipiunt
414 1759 559 1826 personae
589 1757 668 1824 quas
697 1738 764 1827 ipsa
789 1738 845 1802 lex
872 1735 914 1800 ad
942 1736 1080 1800 tutelam

71 1841 167 1910 vocat,
180 1829 290 1917 quales
301 1827 503 1917 potissimum
513 1837 589 1890 sunt
600 1826 730 1912 agnati,
746 1825 893 1915 patroni,
909 1835 1078 1912 parentes,

70 1911 165 1982 fratres
177 1944 185 1982 s
198 1929 232 1982 et
247 1917 430 1994 Datiuam,
440 1915 571 2003 quando
581 1917 792 2002 magistratus
797 1913 929 2004 pupillis
936 1924 1079 2002 tutorem
1176 1994 1179 2000 .

71 2007 229 2072 coustituit.
240 2005 329 2092 Ergo
341 2006 615 2070 testamentario-s
625 2005 666 2070 ad
674 2005 809 2070 tutelam
821 2011 915 2069 vocat
928 2012 1078 2083 testator,

70 2091 223 2181 legitimos
248 2093 462 2177 lesstutivos
477 2095 704 2182 magistratus
716 2095 764 2159 vel
776 2101 906 2184 praetor.
920 2092 1011 2156 Inter
1021 2091 1080 2156 has

28 2195 29 2236 3
69 2183 168 2269 species
181 2181 331 2260 tutelusis
349 2183 429 2248 ordo
441 2182 645 2265 observatur,
658 2194 697 2248 ut
723 2183 766 2248 1⁰.
790 2181 941 2246 omnibus
962 2177 1080 2269 proefe-

69 2283 167 2338 rantur
175 2285 298 2338 tutores
308 2271 886 2362 testamentariimdeoque,quamdiu
894 2271 929 2336 bi
939 2272 1078 2352 adsunt,

68 2357 186 2446 legitimi
199 2383 270 2428 non
284 2361 509 2426 admittantur.
525 2369 569 2428 2⁰.
583 2361 651 2443 Ut,
671 2362 697 2426 si
708 2361 817 2426 nullus
828 2359 869 2426 sit
880 2371 969 2446 tutor
980 2371 1080 2425 testa-

68 2453 334 2534 montarius‚tunc
342 2451 371 2516 le
395 2450 479 2514 itimi
491 2450 624 2515 tutelam
635 2452 793 2541 suscipere
804 2450 936 2541 possint.
953 2449 1000 2516 5⁰.
1012 2449 1092 2531 Ut‚'

68 2536 355 2608 sialterutratutela'
366 2473 724 2628 definiat,magistratus
734 2551 878 2606 tutorem
890 2539 1074 2604 constituat.

100 2627 360 2695 Fundamentum
374 2629 471 2718 hujus
482 2628 643 2696 divisionis
659 2629 873 2719 repetendum
890 2635 936 2694 'est
950 2649 994 2694 ex
1005 2627 1078 2694 XII

28 2767 29 2770 η
67 2713 155 2784 Tabb.
172 2722 211 2784 In
222 2719 284 2784 illis
298 2717 488 2784 occurrebat
497 2718 553 2783 lex
566 2745 575 2782 a
588 2718 851 2808 Paterfamilias
866 2719 918 2784 uti
938 2717 1077 2807 legaseit
1092 2735 1111 2810 ῃ

66 2827 153 2892 super
161 2808 313 2898 pecunia
327 2809 473 2873 tutelava
491 2829 564 2872 suoe
576 2809 626 2872 rei
634 2857 644 2886 ,
666 2811 785 2895 itujus
802 2817 882 2872 esto.
902 2807 982 2872 Inde
1005 2805 1078 2872 eol·
1171 2884 1173 2890 Α

65 2889 189 2978 ligabant
214 2907 356 2976 veteres,
383 2896 518 2961 tutelam
545 2897 684 2964 similem
708 2919 772 2964 esse
793 2888 975 2962 hereditati.
999 2897 1076 2962 Iam

69 2992 106 3049 1⁰.
121 2985 395 3072 quemadmodum
411 2986 664 3054 testamentarius
679 2987 771 3052 heres
784 3007 898 3048 omnes
915 2983 994 3050 alios
1009 3009 1073 3051 ex·

66 3071 167 3157 eludit,
182 3077 226 3141 ita
246 3087 279 3140 et
298 3087 386 3140 tutor
406 3065 672 3140 testamentarius.
691 3082 737 3140 2⁰.
759 3071 1074 3160 Quemadmodum,

64 3159 109 3226 ubi
128 3163 216 3230 heres
234 3164 397 3230 institutus
412 3181 480 3230 non
494 3175 542 3229 est
553 3165 627 3243 „ibi
647 3163 825 3230 succedunt
844 3161 976 3230 heredes
994 3163 1074 3252 legi-

64 3247 139 3331 timi,
150 3254 250 3321 selab
261 3254 409 3336 intestato
420 3279 428 3317 ε
441 3251 526 3318 itaet
540 3252 705 3320 deficiente
720 3263 826 3318 tutore
836 3255 1077 3326 testamentario
1195 3281 1197 3286 ’

64 3334 185 3424 legitimi
205 3354 376 3410 vocantur.
404 3345 449 3408 5⁰.
473 3343 761 3427 Quemadmodum
780 3353 901 3431 praetor
920 3341 956 3406 in
974 3345 1077 3411 subsi-

64 3425 142 3496 dium
155 3433 346 3520 quibnsdam
369 3431 465 3496 dabat
480 3431 642 3501 bonorum
657 3434 904 3522 pussessionem,
920 3432 965 3498 ita
986 3441 1017 3500 et
1037 3437 1077 3516 in

62 3516 224 3586 subsidium
238 3513 294 3586 dat
307 3532 449 3586 tutorem
460 3521 513 3600 iis,
527 3521 643 3608 quibus
658 3545 717 3588 nec
730 3522 1002 3604 testamentarius,
1013 3548 1075 3590 neo

61 3600 208 3690 legitimus
218 3621 305 3676 tutor
318 3621 374 3675 est.
387 3610 462 3674 Hoc
472 3622 517 3675 est
528 3609 780 3678 fundamentum
791 3611 888 3696 hujus
899 3611 1074 3680 divisionis.

64 3691 127 3760 Iam
140 3697 176 3764 de
187 3699 318 3788 singulis
331 3699 430 3785 hujus
440 3699 551 3764 tutelae
565 3701 728 3789 speciebus
740 3701 848 3786 agitur
859 3699 1075 3788 singularibus

65 3779 164 3870 titulis,
179 3801 210 3853 et
226 3790 372 3880 primum
387 3787 519 3876 quidem
536 3789 575 3852 de
589 3791 861 3854 testamentaria.

97 3911 172 3976 lianc
194 3922 288 3982 tutelae
311 3919 485 3982 divisionem
506 3919 538 3982 iu
561 3921 746 3996 legitimum,
772 3922 1024 3980 tettamentan'um
1045 3935 1077 3982 ee
1165 3951 1170 3960 ·

522 4069 529 4173 l

525 4388 539 4454 l.
