2756 4504
230 259 232 263 ’
340 231 871 350 unuousrroutsus.
1056 277 1118 344 tn

95 377 242 450 thecnis
265 397 296 452 et
314 390 360 454 rei
383 392 567 456 vindicatio.
591 394 661 458 Has
682 395 768 458 enim
790 393 929 458 actiones
947 411 989 454 ets
1012 388 1124 475 legatis

101 472 191 534 nasci
208 474 351 550 diximus
362 478 444 544 iufra
458 483 491 566 §
505 482 580 568 659.

141 609 265 676 Confer.
276 591 335 682 mit.
353 625 397 677 ad
406 619 458 702 Μ.
471 622 529 680 455
542 637 571 680 et
582 621 651 682 456.
871 705 872 708 Ἴ

264 747 265 754 ‘
305 791 307 798 ι
377 851 379 856 ,
457 769 773 859 §.recentem

151 925 266 1006 Paullo
287 945 362 998 ante
382 934 591 1014 monuimus,
612 933 819 998 donatiouem
839 931 923 998 inter
948 931 1038 997 vivos
1057 951 1126 996 non

102 1032 171 1081 ‘esse
194 1021 409 1088 revocabilem
433 1024 534 1111 (460,
554 1023 617 1109 5),
639 1023 732 1086 etita
754 1045 784 1086 se
807 1021 901 1086 habet
918 1019 1039 1106 regula.
1063 1018 1127 1084 Sed
1220 1085 1221 1088 ,

106 1108 386 1191 quemadmodum
402 1113 459 1176 vix
482 1112 592 1197 regula
613 1113 760 1197 quaedam
775 1112 900 1176 estsine
914 1111 1127 1198 exceptione,

104 1195 254 1261 maxime
276 1199 310 1262 in
329 1199 600 1289 jurisprudentia,
625 1201 646 1263 l.
665 1221 757 1277 202,
775 1197 815 1287 ff.
840 1199 881 1263 de
900 1223 971 1287 reg.
982 1201 1061 1284 jur.
1082 1197 1128 1260 ita

103 1280 185 1346 item
209 1285 261 1350 hic
283 1283 429 1376 contigit.
452 1290 637 1354 llevooatur
662 1287 750 1352 enim
777 1287 926 1366 donatio,
958 1295 1000 1350 1⁰.
1027 1285 1128 1350 risit
1167 1321 1201 1370 ,-

55 1397 66 1412 ⁶
104 1371 305 1459 incfficiosa.
322 1377 366 1442 L.
385 1383 408 1442 ὁ
419 1427 430 1456 ,
451 1379 473 1444 l.
487 1401 533 1464 y,
560 1377 597 1441 C.
620 1377 662 1440 de
684 1375 778 1465 inoff.
806 1377 881 1440 don«
908 1375 998 1462 Quid
1019 1373 1128 1438 iuolli-

105 1459 233 1526 ciosum
255 1465 315 1546 sit,
347 1467 457 1556 paullo
480 1478 551 1556 post
573 1465 716 1530 dicemus
741 1465 782 1528 ad
810 1465 858 1528 tit.
886 1465 925 1529 de
950 1462 1128 1528 inofficioso

104 1560 327 1635 testamento,
354 1578 472 1644 nempe
501 1577 599 1620 omne
624 1554 706 1618 illud
734 1551 949 1618 inofficiosum
975 1574 1130 1618 vocamus

104 1637 246 1724 injure,
263 1649 329 1728 qno
350 1645 461 1724 liberi,
486 1655 655 1734 parentes,
676 1643 728 1708 vel
746 1641 859 1706 fratres
878 1655 911 1707 et
926 1664 1048 1730 sorores
1070 1642 1129 1704 lae-
1148 1693 1149 1702 ,

50 1731 52 1741 ’
105 1727 234 1793 duntur
254 1730 289 1796 iu
309 1734 458 1821 portione
478 1733 630 1818 legitima.
654 1732 707 1796 Sic
730 1731 867 1796 dicimus
889 1732 1130 1796 testamentum
1191 1781 1195 1810 ,

106 1818 357 1905 inofficiosum,
382 1846 447 1908 quo
468 1823 517 1890 his
539 1821 680 1910 personis
701 1821 807 1910 portio
830 1821 972 1906 legitima
994 1841 1061 1882 non
1076 1842 1124 1904 rc

106 1905 184 1972 licta
203 1935 210 1970 ε
232 1909 346 1974 dotem
363 1911 585 1998 inffciosom
593 1960 605 1990 ,
618 1933 691 1996 quse
703 1920 869 1988 tanta'est,
885 1921 922 1972 ut
936 1909 1042 1973 liberis
1051 1897 1130 1972 relt-

107 1997 182 2084 quis
203 1998 289 2064 selva
312 2023 380 2064 non
402 2001 440 2064 sit
457 1999 600 2085 legitima
617 2025 625 2062 ε
648 1999 868 2064 donationem
885 1997 1130 2086 inofficiosum,

106 2108 169 2176 per
184 2109 283 2172 qnam
301 2087 393 2154 liberi
410 2089 574 2156 donatoris
588 2088 623 2152 iu
637 2087 779 2174 legitima
793 2085 943 2176 portione
956 2087 1132 2150 laeduntur.

106 2175 154 2240 Et
170 2175 259 2257 blec,
282 2188 318 2240 ut
335 2176 426 2258 dixi,
446 2188 549 2266 potest
568 2177 723 2242 revocari.
742 2183 787 2240 2⁰.
810 2176 997 2242 Revocatur
1010 2175 1132 2254 etiam,
1155 2219 1195 2242 .-

105 2263 266 2350 quicquid
288 2265 375 2330 ultra
393 2267 438 2332 D.
458 2265 574 2332 solidos
591 2266 749 2330 donatum
769 2267 836 2329 sine
851 2263 1063 2328 insinuatione
1073 2270 1132 2350 ju-

105 2351 226 2418 diciali.
245 2354 405 2420 Homines
421 2355 552 2442 quidem
570 2367 686 2418 natura
702 2375 769 2418 non
790 2355 924 2418 suntad
944 2353 1133 2418 donationes

105 2441 300 2528 immodicas
318 2445 480 2531 proclives
491 2493 501 2524 ,
523 2444 577 2508 sed
599 2455 707 2508 tamen
727 2441 902 2528 aliquando
922 2443 965 2506 ita
986 2443 1132 2521 donant,

107 2541 149 2596 ut
160 2529 219 2594 sibi
235 2531 309 2618 ipsis
323 2553 390 2598 non
410 2544 555 2621 parcant.
571 2531 685 2617 Quum
703 2534 811 2617 itaque
827 2531 1013 2620 reipublicae
1029 2533 1133 2596 iuter-
1240 2589 1247 2602 ,

108 2619 153 2684 sit
170 2631 203 2684 et
221 2621 395 2708 expediat,
415 2644 456 2686 ne
470 2621 541 2708 quis
561 2643 596 2684 re
613 2643 670 2684 sua
684 2622 769 2684 male
785 2631 913 2701 utatur,
935 2623 965 2705 S.
986 2643 1006 2688 2
1015 2669 1026 2698 ‚
1042 2621 1131 2684 lust.

109 2708 153 2780 <Ie
171 2709 224 2774 liis
238 2711 299 2797 qui
316 2711 372 2776 sui
386 2711 440 2776 vel
450 2711 553 2775 alien.
559 2711 638 2795 jur.
655 2720 688 2774 et
704 2706 845 2798 prolusio
860 2709 900 2772 sit
917 2732 955 2772 ac
975 2709 1134 2796 quidquid

107 2797 237 2888 potius,
263 2821 361 2886 quam
387 2798 580 2876 liberalitas,
596 2797 658 2862 cui
679 2799 762 2862 ratio
784 2820 852 2862 non
874 2809 999 2862 constat
1023 2823 1031 2860 ε
1056 2797 1134 2862 hinc
1212 2837 1214 2839 -

108 2896 267 2964 cautum,
283 2899 320 2950 ut
331 2887 488 2974 quiultra
507 2887 546 2950 D.
558 2887 674 2952 solidos
689 2888 787 2974 (quos
800 2886 895 2952 hodie
907 2909 1019 2951 aureos
1033 2886 1135 2952 Hun-

109 2975 237 3060 garicos
264 2973 541 3064 interpretamur)
562 2974 683 3040 donare
709 2976 808 3056 velit,
830 2997 903 3040 eam
925 2975 1137 3040 donationem

108 3063 304 3150 judicialiter
321 3065 363 3126 ad
381 3077 451 3129 acta
475 3065 636 3129 insinuare
656 3071 820 3143 teneatur,
844 3065 867 3126 l.
884 3086 941 3142 aa,
955 3061 1002 3152 ff.
1022 3064 1045 3126 l.
1062 3061 1111 3128 34
1124 3111 1138 3142 ,.

105 3176 166 3240 pr.
187 3153 210 3216 l.
230 3154 280 3217 36
286 3201 298 3230 ,
307 3148 377 3239 fin.
398 3151 434 3218 C.
454 3154 495 3224 de
512 3154 591 3217 don.
615 3154 713 3238 Quod
733 3155 759 3222 si
778 3153 886 3238 itaque
904 3153 973 3216 lsaec
991 3151 1170 3216 insinua-·
1277 3227 1280 3232 ¹

112 3241 161 3304 tio
180 3241 221 3304 ad
242 3252 314 3306 acta
336 3241 449 3305 omissa
467 3241 527 3321 sit,
546 3242 678 3306 donatio
702 3242 833 3328 quidem
854 3242 937 3306 valet
954 3240 996 3308 ad
1015 3241 1059 3305 D.
1082 3264 1136 3306 so-

112 3327 217 3408 lidos,
240 3329 293 3394 sed
313 3351 385 3414 quae
409 3332 494 3396 ultra
516 3332 602 3394 hanc
623 3354 787 3395 summam
809 3330 926 3394 donata
949 3341 1046 3409 sunt,
1065 3332 1138 3414 jure

115 3429 249 3506 possunt
265 3421 421 3484 revocari.
437 3418 527 3504 Quid
541 3441 639 3498 vero,
659 3420 688 3482 si¹
700 3421 808 3508 plures
827 3419 1014 3484 donationes
1027 3420 1138 3488 diver-

113 3506 154 3582 sis
171 3507 371 3594 temporibus
387 3505 487 3574 factas,
499 3507 579 3588 sint,
603 3530 632 3573 e.
657 3529 688 3592 g.
710 3521 784 3572 ante
805 3508 983 3587 triennium
1001 3529 1064 3574 200
1084 3531 1138 3574 so·

114 3595 190 3676 lidi,
205 3607 280 3659 ante
293 3594 460 3660 biennium
474 3598 556 3676 500,
571 3592 983 3684 supe1·ioreann0400,an
997 3597 1042 3662 ita
1057 3619 1141 3684 quo-

43 3765 44 3768 *
115 3706 178 3769 qne
196 3683 378 3750 invalidum
398 3697 463 3765 est,
486 3685 573 3771 quod
597 3684 682 3750 ultra
697 3685 761 3750 500
776 3685 892 3751 solidos
913 3687 980 3750 sine
996 3686 1140 3752 insinua-

114 3774 201 3838 tione
218 3774 398 3839 donatum?
414 3775 452 3838 ld
470 3773 678 3858 negandum,
694 3773 793 3839 modo
809 3775 865 3838 illa
880 3795 1008 3838 summa
1023 3797 1090 3838 non
1104 3776 1141 3841 in

115 3857 263 3935 fraudem
284 3863 362 3952 legis
384 3863 483 3933 divisa
501 3863 565 3930 sit?
588 3863 611 3928 l.
635 3859 682 3928 34
693 3911 705 3945 ,
726 3865 758 3950 ς.
776 3864 821 3946 3,
846 3862 882 3930 0.
894 3863 990 4020 &dtu
1003 3863 1091 3951 Quid
1112 3865 1139 3934 si

749 4005 770 4024 „
971 3969 990 4017 Ο
