2710 4504
225 407 239 416 .
296 345 370 414 nn
397 343 670 418 snsrrrm'
698 315 766 412 nr
795 337 947 414 June.
1091 347 1134 416 ss

20 459 21 464 ’
114 453 221 520 uilem.
237 455 388 524 Moralis
402 469 448 523 est
462 459 565 525 virtus
587 457 633 522 in·
648 470 764 524 mente
785 459 977 541 consistens,
1001 459 1054 527 vel
1076 457 1137 526 ha·

20 569 22 628 3
120 543 194 612 bitus
213 547 349 628 mentis,
370 569 436 634 quo
459 548 531 636 quis
548 569 662 612 omnes
690 546 834 612 actiones
852 549 894 614 ed
917 549 1021 638 legem
1044 571 1138 618 com·

20 667 22 718 ς
116 633 210 720 ponit.
232 635 320 723 bbgo
331 636 394 701 hoo
408 659 500 701 sensu
512 659 579 702 non
597 649 643 703 est
657 637 785 723 justus,
802 637 860 728 qui
876 651 1010 706 externa
1025 636 1131 703 officia

20 719 22 760 l
116 722 225 810 cuique
239 737 392 812 praestat,
412 726 473 790 nisi
490 725 524 790 id
535 724 632 792 faciat
649 748 692 790 ex
712 745 826 790 amore
842 726 971 794 virtutis
984 735 1017 792 et
1027 737 1138 792 mente

20 815 22 880 ξ
115 813 287 880 emendate.
303 815 342 878 E.
358 837 390 901 g.
407 815 601 895 Pherisaeus,
615 815 673 902 qui
691 813 911 902 gloriabatur,
934 840 969 882 se
980 839 1040 884 nec
1056 839 1138 906 rep·

117 911 214 966 torem
232 925 315 982 esse,
341 925 403 974 nec
427 903 612 968 adulterum
624 953 634 985 ,
648 926 709 969 neo
732 899 965 993 publicanum,
985 913 1140 987 nouerat

63 1041 65 1044 .
116 992 274 1056 moraliter
289 993 416 1078 justus,
437 992 511 1079 quia
532 1015 575 1058 ex
591 993 780 1082 hypocrisi,
803 1015 871 1059 non
889 1017 1056 1060 examore
1070 994 1139 1060 vir·

116 1080 205 1161 tutis,
231 1081 271 1146 ab
287 1081 337 1146 his
351 1081 531 1146 actionibus
546 1083 655 1170 pravis
675 1082 864 1149 abstinebat.
884 1083 1004 1168 Civilis
1023 1094 1138 1148 contra

111 1167 225 1254 justitio
253 1170 406 1250 dicitur,
437 1171 569 1258 quando
591 1171 663 1259 quis
683 1173 825 1242 notiones
853 1184 1005 1240 externas
1028 1173 1072 1238 ite
1097 1173 1140 1238 ad

113 1255 212 1342 legem
235 1258 428 1350 componit,
450 1270 489 1324 ut
505 1283 602 1338 suum
628 1260 745 1348 cuique
770 1261 918 1342 tribuet,
939 1285 1004 1343 ,nec
1026 1271 1139 1326 tamen

113 1344 144 1409 id
161 1345 260 1415 faciut
277 1369 321 1414 ex
341 1369 452 1413 amore
471 1349 598 1414 virtutis
612 1350 663 1414 vel
678 1352 852 1416 emenda-ta.
870 1363 1001 1432 mente,
1024 1350 1080 1418 sed
1096 1371 1141 1415 ex

20 1451 21 1480 ³
114 1447 197 1502 metu
212 1459 333 1528 poenae.
359 1437 445 1504 Hinc
466 1437 492 1502 si
505 1437 576 1524 quis
595 1438 800 1525 inegistretui
828 1439 948 1504 tributa
974 1440 1089 1518 solvit,
1114 1437 1142 1504 si

20 1587 22 1608 ‚
113 1527 277 1594 neminem
290 1527 461 1594 concivem
476 1527 586 1609 taedit,
610 1527 775 1592 neminem
789 1527 926 1610 occidit,
946 1551 1015 1593 non
1030 1525 1141 1608 furta,

114 1635 176 1680 uon
200 1615 333 1706 rapinas
358 1616 553 1697 committit,
570 1615 713 1696 ,civiliter
733 1618 795 1682 erit
813 1617 938 1704 justus,
961 1617 1086 1682 etiamsi
1107 1615 1142 1683 id

114 1725 205 1769 omne
219 1703 322 1770 faciat
333 1705 444 1770 animo
459 1705 656 1784 reluctante,
671 1705 797 1772 etiamsi
808 1707 849 1772 sit
859 1707 904 1795 hy
933 1708 1034 1772 oon'te
1049 1755 1058 1784 ,
1072 1705 1144 1771 imo

20 1871 21 1874 Ἴ
115 1793 232 1858 atheus.
262 1794 339 1860 lum
361 1793 468 1880 quella
493 1805 568 1858 sun-t
583 1795 709 1876 media,
731 1795 804 1860 telis
830 1807 875 1859 est
925 1797 983 1858 nis.
1011 1794 1142 1876 Media,

20 1903 21 1924 ³
115 1904 181 1967 quae
200 1882 465 1973 lurisprudentiet
484 1882 691 1971 suppeditet,
715 1895 792 1948 sunt
812 1905 911 1973 poena
933 1896 964 1948 et
982 1882 1142 1970 proemia,

20 1979 21 2032 ἐ
116 1969 136 2036 l.
158 1995 193 2051 s,
215 1973 251 2058 5.
274 1995 287 2036 t
299 2021 311 2052 ,
322 1969 369 2062 ff.
394 1971 437 2036 de
455 1971 548 2037 Just.
564 1983 598 2036 et
610 1971 707 2036 lure.
721 1972 768 2036 Ea
782 1995 851 2038 non
862 1972 1030 2036 moraliter
1040 1972 1145 2058 justos

20 2077 21 2090 ¹
115 2061 277 2142 reddunt,
303 2061 358 2126 sed
385 2059 542 2141 civiliter,
565 2061 641 2148 quio
666 2059 868 2146 cogitationis
883 2083 1018 2150 poenam
1043 2081 1144 2126 nemo

116 2149 148 2214 in
166 2147 241 2216 foro
263 2150 413 2238 patitur,
445 2149 468 2214 l.
491 2154 550 2232 18,
566 2147 614 2252 ff
638 2149 680 2216 dc
698 2150 832 2220 Panis.
849 2151 940 2237 Ergo
956 2149 1078 2236 justitia
1092 2149 1143 2213 ci-

20 2241 21 2284 3
116 2239 182 2304 vilis
195 2249 245 2306 est
260 2239 333 2304 finis
344 2239 363 2303 J
366 2238 632 2326 urisprudeuttae‚
648 2261 726 2304 oum
744 2239 909 2306 tamenin
930 2239 1011 2304 lure
1032 2249 1145 2304 nostro

20 2337 21 2422 ζ
114 2330 246 2395 moralis
257 2327 379 2414 justitia
394 2327 567 2394 definiatur
579 2377 587 2406 ,
601 2349 674 2414 quae
685 2351 761 2394 sene
774 2327 849 2394 solis
862 2330 1032 2430 prmceptis
1041 2330 1059 2394 J
1062 2328 1146 2392 uris-

20 2433 23 2502 ζ
115 2417 297 2504 prudentiae
315 2439 382 2481 non
398 2417 573 2504 obtinetur.
590 2417 774 2504 Quomodo·
785 2421 864 2504 ergo
880 2417 1008 2484 dclimri
1050 2417 1146 2482 oterit

20 2515 21 2550 t
112 2508 233 2592 justitia
257 2505 312 2570 illa
332 2505 455 2586 civilis,
474 2528 549 2593 quse
562 2503 634 2572 finis
654 2502 922 2600 lurisprudentiae
935 2507 1004 2572 est?
1018 2441 1048 2572 p
1041 2505 1146 2574 ustitia

20 2611 21 2624 ¹
116 2607 158 2660 est
177 2596 418 2681 attemperatio
437 2597 613 2660 actionum
633 2608 855 2662 externarum
879 2597 927 2662 ad
946 2597 1054 2686 leges,
1074 2617 1148 2686 qua

20 2751 21 2758 ¹
117 2685 191 2774 quis
211 2687 387 2752 neminem
402 2684 498 2750 laedit
512 2733 522 2765 ,
536 2708 640 2749 suum
654 2685 776 2773 cuique
790 2685 922 2752 tribuit.

453 2877 454 2880 κ
554 2841 584 2928 ς.
609 2841 704 2907 xx,

20 3059 21 3062 η
159 3001 319 3071 Vidimus
333 3051 342 3082 ,
363 2999 441 3087 quid
456 2999 496 3064 sit
506 2997 652 3085 justitia?
669 2999 837 3084 Quecritur
849 2999 917 3084 jam
931 3021 1049 3088 porro,
1064 3020 1148 3087 quo·

20 3161 22 3180 ‚
120 3093 235 3182 tuplex
256 3092 322 3156 sit?
349 3087 428 3154 Non
451 3111 528 3154 cnm
548 3089 639 3176 Hug.
660 3081 779 3152 Grotio
807 3088 849 3153 dc
871 3089 958 3154 Jure
979 3085 1025 3154 B.
1044 3101 1078 3154 et
1103 3087 1149 3154 P.

122 3181 178 3246 tib.
201 3181 242 3262 I,
272 3206 300 3246 c.
322 3181 346 3244 I
356 3229 371 3258 ,,
386 3183 416 3264 5.
439 3183 484 3258 8,
515 3199 589 3242 enm
618 3177 794 3242 dividimus
820 3176 855 3240 in
877 3177 1092 3264 expletriccm
1118 3187 1158 3242 et
1228 3247 1234 3258 „

20 3277 21 3292 ¹
123 3269 373 3338 attributricem
386 3294 397 3346 3
419 3278 532 3332 contre
545 3289 645 3352 quam
658 3265 848 3332 divisionem
861 3266 995 3354 quidem
1010 3266 1154 3352 graviter

20 3381 21 3420 3
56 3417 61 3426 ,
122 3358 262 3447 disputat
283 3359 346 3423 Vir
358 3357 445 3422 Clor.
463 3356 735 3442 Pegensteoberus
745 3357 782 3420 in
792 3355 989 3422 Admonitt.
1002 3353 1104 3422 Part.
1113 3353 1153 3434 I,

121 3449 150 3532 5.
167 3449 212 3530 6,
231 3447 286 3512 sed
300 3447 436 3512 demum
450 3445 561 3510 omnia
577 3466 615 3510 eo
637 3445 793 3524 redeunt,
812 3445 970 3602 ppcabula
991 3467 1060 3510 non
1081 3444 1156 3510 satis

123 3537 296 3602 commoda
313 3557 387 3600 esse.
404 3533 474 3600 Nos
486 3557 559 3600 rem
574 3533 766 3602 videbimus.
779 3535 811 3600 Ο
848 3535 896 3602 cia
907 3583 916 3615 ,
928 3556 1002 3622 quoe
1014 3534 1084 3600 aliis
1095 3533 1156 3600 ho·

125 3623 267 3691 minibus
285 3623 441 3689 debemus
451 3659 464 3700 ‚1
479 3623 624 3688 duorum
639 3645 795 3710 generum
810 3635 906 3690 sunt:
923 3623 984 3688 alia
1001 3622 1056 3688 lex
1069 3643 1156 3722 prm·

20 3783 22 3796 ,
124 3714 203 3805 cipit
220 3714 392 3802 ter‘nquem
406 3713 622 3793 necessario,
642 3715 686 3778 ita
702 3725 739 3778 ut
754 3713 827 3798 cogi
847 3713 969 3804 possint
982 3723 1014 3776 et
1024 3733 1158 3801 puniri,

20 3847 22 3896 4
127 3803 182 3892 qni
203 3803 361 3892 ejusmodi
377 3800 484 3867 officia
509 3823 577 3876 non
592 3813 768 3888 praestant:
781 3814 814 3866 et
835 3803 909 3868 talio
929 3811 1005 3866 sunt
1023 3798 1158 3879 omnia,

129 3915 203 3980 quse
218 3915 260 3960 ex
280 3893 394 4004 regula
411 3891 468 3960 ille
478 3889 556 3983 justi
570 3889 680 3972 fluunt
693 3920 701 3957 ε
718 3889 819 3978 Quod
832 3891 896 3976 tibi
906 3885 1158 4044 ”ivn5⁰i⁶fi⁶ri'
1195 3934 1197 3938 ψ
