2644 4504
114 407 952 502 DERuR.D1v.uTADQtt.EAR.DOM1N.
986 407 1052 476 555

40 527 177 612 quedem
191 528 364 608 addemus,
381 545 424 591 ne
460 525 534 589 15555
547 523 653 610 ignari
666 523 765 586 simus
779 521 900 586 horum
916 517 1053 586 vocabu·

39 616 135 680 lorum
153 617 234 701 juris
256 616 392 704 antiqui.
447 639 481 680 55
504 613 659 699 mancipi
679 611 902 691 vocabantur,
928 610 1003 698 quie
1018 610 1055 674 iu

40 705 209 794 mancipio,
223 706 246 772 i.
268 729 297 771 e.
324 704 470 770 dominio
487 703 570 790 juris
592 701 790 786 Quiritium,
805 709 920 777 erunt,
938 709 972 763 55
995 719 1055 788 per

41 796 131 858 ritum
146 795 433 882 mancipationis,
451 793 504 858 vel
517 813 576 882 per
588 813 629 855 aes
640 801 672 854 et
682 789 816 870 libram,
834 796 934 876 quem
951 788 1055 852 ritum

40 883 94 946 5150
106 885 176 948 loco
186 883 354 974 (Antiqua
368 907 403 949 n.
417 883 520 949 Rom.
532 881 554 946 l.
573 903 605 961 a,
623 880 673 944 tit.
689 877 790 956 XII,
802 879 832 964 §.
848 876 894 964 6.)
907 875 1053 968 desctip-

40 973 142 1054 simus,
154 975 190 1038 in
202 975 281 1039 alios
294 971 578 1038 transferebantur.
599 969 641 1034 N
642 993 677 1034 cc
692 967 843 1054 mancipi
855 987 928 1053 quae
942 987 1002 1032 nec
1017 971 1053 1032 in

40 1063 195 1151 mancipio
209 1085 266 1128 seu
275 1063 350 1152 jure
364 1062 545 1147 Quiritario
556 1065 670 1140 555555,
684 1071 744 1122 uec
759 1075 873 1146 perses
890 1065 923 1120 55
936 1053 1057 1122 librum

42 1149 267 1218 alienabantur.
283 1151 403 1218 Prioris
415 1150 539 1238 generis
552 1159 644 1214 555555
660 1146 780 1236 pr'aedia
797 1144 929 1224 1551505,
952 1145 1057 1212 55555-

42 1251 114 1304 55555
137 1237 340 1330 proediorum
363 1241 580 1318 rusticorum,
601 1237 709 1317 servi,
729 1233 930 1323 quadrupes,
962 1235 1060 1300 here-

43 1328 133 1411 ditas,
159 1331 273 1410 liberi,
288 1331 494 1417 margarite.
515 1327 668 1414 Reliquus
685 1323 882 1389 omnes''neo
908 1323 1060 1415 mancipi

43 1417 232 1485 dicebantur.
248 1421 311 1485 Oui
325 1421 421 1510 plura
432 1421 512 1484 50555
528 1416 644 1504 volupe
655 1427 716 1495 est,
732 1415 846 1478 iseum
857 1410 968 1476 fructu
980 1435 1062 1478 oon-

43 1505 114 1571 sulet
126 1509 227 1574 Corn.
245 1531 310 1574 van
324 1508 559 1596 Bynkersboek
573 1505 767 1593 opusculum
784 1499 938 1580 derebus
953 1525 1058 1579 man-

45 1596 103 1680 cipi
120 1610 152 1662 et
174 1623 237 1664 neo
252 1598 415 1686 mancipi.
427 1597 540 1662 'Dubia
551 1595 701 1682 quiedam
715 1603 829 1658 contra
846 1590 909 1656 hoc
922 1611 1059 1682 opuscu-

45 1682 106 1748 lum
122 1689 227 1752 movit
243 1687 495 1754 iurisconsultus
507 1682 695 1751 Dresdensis
710 1681 867 1762 eximius,
887 1679 1062 1746 Christfrid

46 1769 262 1842 Wtechtlerus
287 1779 323 1842 in
347 1777 448 1843 Actis
466 1774 580 1841 Erud.
601 1774 700 1859 Lipc.
716 1770 837 1858 Suppl.
859 1780 939 1834 tom.
960 1769 1003 1837 V
998 1771 1023 1835 I
1025 1771 1042 1836 l
1048 1821 1061 1851 ,

42 1882 116 1950 pag·
141 1863 220 1951 294.
242 1868 305 1932 Sed
328 1867 362 1930 in
381 1866 478 1931 rebus
495 1876 564 1928 55555
579 1859 719 1948 antiquis
737 1857 862 1924 facilius
877 1870 941 1938 555,
965 1859 1064 1924 dubia

47 1969 191 2037 movere,
207 1979 309 2042 quum
324 1955 360 2021 55
377 1955 557 2020 (1555015555.
574 1951 732 2016 Doctrina
754 1945 1061 2036 Bynkershoekiunu

48 2037 151 2108 nititur
161 2045 348 2110 testimonio
360 2044 496 2134 Ulpiani
510 2045 547 2108 in
554 2037 696 2130 fragino:
708 2040 760 2105 tit.
776 2037 897 2123 XIX,
917 2037 949 2124 5.
964 2061 990 2104 r.

366 2212 749 2250 ··-·-’········-·······”······
778 2181 879 2267 filii*
899 2217 926 2270 ’t'
968 2170 973 2244 ¹

207 2351 271 2428 De
292 2324 541 2450 adquirendo
560 2374 689 2424 reram
708 2334 897 2428 dotnim'a·¹
1035 2381 1042 2390 ··
1094 2339 1130 2403 ‘⁶¹
1192 2364 1196 2372 '

136 2540 167 2624 5.
190 2507 416 2606 cccxxxi.
439 2501 965 2620 cccxxxii'qccxxxm.

87 2635 239 2707 Amneni
263 2641 359 2727 hujus
375 2639 461 2704 tituli
483 2661 557 2728 pars
579 2639 647 2725 agit
670 2638 710 2702 de
729 2639 930 2726 adquirendo
955 2661 1068 2706 rerum
1123 2642 1126 2658 ¹

50 2721 208 2811 domini03
230 2730 317 2796 unde
343 2730 396 2796 hio
425 2727 465 2793 de
489 2729 656 2792 occasione
675 2727 772 2813 hujus
792 2726 878 2792 tituli
897 2728 1070 2817 dispicien-

18 2853 20 2860 -
49 2810 134 2880 dum.
159 2819 333 2904 Diximus,
348 2818 523 2883 secundam
537 2817 781 2881 Institutionum
797 2827 926 2906 purtem
945 2818 996 2882 551
1020 2817 1073 2881 51-

49 2909 149 2970 lerum
155 2907 240 2996 juris
250 2908 416 2994 objectum
431 2907 550 2973 versari
562 2907 648 2970 55555
663 2905 727 2969 ius
746 2905 897 2980 Rittium,
912 2905 1072 2994 quemad·

49 2994 179 3062 modum
194 2997 341 3088 primum
354 2999 388 3061 in
399 2999 493 3064 155555
508 2994 918 3076 Ρ5555055155555,555555555
929 2988 964 3060 in
976 2993 1070 3060 lumi
1123 3054 1125 3064 .

50 3077 239 3152 Acnouuot
254 3097 451 3176 occupatum
469 3096 515 3149 est
525 3111 541 3166 ,’
556 3086 585 3170 5.
600 3081 729 3148 COOX.
741 3083 807 3150 'Jus
825 3105 937 3149 rerum
961 3096 1073 3150 eutem
1191 3169 1194 3172 Ι

51 3167 167 3259 duplex
181 3189 247 3258 cst,
260 3177 312 3242 vel
325 3177 362 3241 in
373 3193 428 3256 re,
444 3176 496 3241 551
508 3174 557 3238 acl
567 3171 714 3266 reinqlle
722 3171 850 3262 juribus
865 3172 900 3236 in
915 3195 950 3240 55
964 3173 1073 3262 agitur

51 3256 87 3320 ub
106 3261 197 3330 initio
218 3265 322 3353 hujus·
335 3263 411 3330 libri
430 3262 477 3344 11,
498 3286 598 3350 usque
613 3263 653 3327 551
667 3263 724 3327 lib.
741 3263 809 3342 111,
822 3263 871 3328 tit.
884 3262 997 3346 XIV,
1015 3262 1073 3330 ubi

52 3343 169 3435 dejure
184 3355 309 3420 adrem
327 3354 380 3442 agi
400 3352 525 3442 incipit.
544 3352 631 3419 luris
652 3353 689 3418 in
706 3374 741 3417 55
765 3352 872 3444 prima
891 3351 1011 3448 speeies
1028 3365 1076 3420 est

6 3463 8 3534 5
53 3433 251 3522 dominium.
273 3445 362 3530 Ergo
380 3443 544 3532 praecipue
564 3442 612 3506 his
635 3453 667 3506 et
684 3441 889 3530 sequentibus
908 3443 1009 3509 titulis
1035 3443 1077 3508 de

52 3527 725 3621 modisadquirendidominiumtractatur.
743 3531 936 3600 Videbimus
947 3534 1077 3622 itaque,

56 3621 97 3675 1⁰.
113 3623 268 3704 quidnam
283 3625 385 3712 sitjus
398 3621 433 3688 in
448 3643 483 3686 te
494 3633 527 3687 et
538 3622 579 3686 ad
594 3623 686 3686 rem?
693 3623 724 3706 5.
738 3621 932 3701 oti-tte
942 3631 985 3690 2⁰.
997 3623 1076 3710 quid

54 3698 231 3776 dominium
250 3723 283 3777 55
305 3712 508 3800 quotuplex?
529 3713 560 3798 5.
579 3710 779 3788 tto-5583
798 3711 842 3776 5⁰.
859 3713 938 3800 quid
960 3711 1077 3777 modus

55 3789 241 3882 adquirendi
259 3802 471 3866 dominium?
493 3801 525 3886 5.
550 3801 614 3888 539
621 3824 632 3882 3
654 3803 701 3874 4⁰.
715 3801 921 3903 quotuplices
940 3801 1004 3866 sint
1029 3797 1078 3864 illi
1171 3855 1176 3864 .

55 3885 141 3950 modi
154 3891 365 3979 adquirendi?
382 3893 412 3978 5
426 3890 510 3971 540,
528 3891 681 3978 usquead
697 3890 797 3956 finem
813 3891 910 3955 ntuli.

98 3969 124 4036 I·
147 3979 238 4063 Quid
253 3982 300 4048 sit
315 3997 375 4050 555
391 3997 429 4046 tu
444 3995 492 4048 55
503 3999 549 4046 nu
563 3997 611 4046 nu
623 3983 760 4048 ueniet
771 3977 1003 4069 quomodoille
1018 3975 1081 4050 dil·
1139 3993 1141 4000 '

62 4072 83 4114 ·'
194 4083 224 4124 ·.t
