2644 4504
194 401 260 470 DE
283 395 676 470 AUCTORI'PA'PE
701 399 992 468 TUTORUM.
1044 403 1107 490 275
1219 443 1221 450 ·
1293 433 1294 444 κ

91 509 231 662 lepitimis
251 497 404 579 dicuntur
421 513 457 578 in
477 513 499 578 l.
511 529 558 602 77
571 560 580 589 ‚
592 509 636 601 ff
655 511 698 576 de
718 509 763 575 R.
782 509 816 575 J.
831 512 929 578 etiam
950 513 1113 599 quadrant

90 621 106 662 a
129 602 266 666 ctoritati
279 605 439 668 tutorum.
457 605 506 669 Ea
523 624 590 666 non
604 600 745 664 admittit
764 613 1028 689 procuratorem,
1043 625 1115 670 uon

90 690 225 756 admittit
243 694 477 771 conditionem,
496 693 563 756 riou
578 691 663 754 diem
680 708 820 777 quoque.
839 689 947 756 lmmo
962 702 993 756 et
1010 691 1114 757 verbis
1128 737 1131 740 -

88 779 290 845 sollemnibus
300 784 335 846 in
349 781 583 871 interponenda
593 783 783 844 auctoritate
796 800 875 867 opus
884 779 993 863 lause,
1003 793 1113 846 osten-

90 867 190 932 dimus
205 871 242 936 in
260 870 385 958 Antiq.
401 873 503 935 Rom.
521 869 579 934 lib.
599 891 654 947 ar,
671 870 702 952 S.
725 871 759 931 3.
785 869 874 954 Ergo
899 891 976 934 cum
1001 872 1112 938 omnia

90 957 188 1021 adsint
199 971 335 1024 actuum
349 961 567 1046 legitimorum
584 959 751 1046 requisita,
767 958 849 1023 nihil
864 959 1029 1048 prohibet,
1046 981 1116 1046 quc

89 1047 192 1110 minus
218 1049 384 1128 dicamus,
412 1050 638 1112 anctoritatem
666 1047 781 1110 tutoris
808 1067 871 1111 esse
897 1051 1008 1112 actum
1035 1049 1119 1134 legi-

91 1134 215 1201 timum.
233 1137 400 1218 Dicimus,
418 1145 461 1202 2⁰.
477 1161 544 1225 quo
560 1148 668 1214 tutor,
684 1135 777 1224 quod
789 1137 947 1224 pupillus
963 1137 1116 1226 infantia
1226 1179 1228 1186 ·

92 1225 201 1309 major
207 1230 318 1316 gerit,
332 1225 508 1313 adprobat.
524 1225 660 1288 sienim
673 1223 816 1312 pupillus
828 1225 936 1290 adltuc
948 1227 988 1290 sit
999 1225 1117 1310 infans,

90 1313 168 1376 nihil
189 1317 290 1400 gerit,
312 1326 350 1378 ut
371 1315 412 1379 ad
430 1315 652 1402 paragraplros
671 1314 850 1400 superiores
871 1315 1037 1397 diximus,
1061 1315 1117 1381 sed

88 1410 174 1466 tutor
192 1413 272 1468 tunc
293 1403 513 1483 administrat,
533 1414 564 1466 et
583 1401 693 1466 omnia
712 1423 773 1488 pro
791 1403 917 1490 pupillo
936 1408 1002 1490 agit
1009 1453 1022 1495 7
1039 1427 1121 1491 ergo
1236 1475 1238 1480 ,
1303 1452 1304 1500 l

10 1507 11 1512 ’
92 1511 147 1556 uec
158 1494 386 1558 auctoritatem
396 1493 582 1580 interponit.
596 1489 764 1569 Dicimus,
778 1491 823 1555 5⁰.
841 1515 881 1554 ex
893 1515 958 1579 quo
972 1494 1121 1560 deterior

92 1579 158 1665 q'ns
179 1583 329 1647 conditio
340 1579 428 1669 fieri
446 1581 569 1670 possit.
589 1579 677 1643 Nam
699 1579 811 1668 paullo
828 1591 901 1668 post
920 1581 1120 1665 videbimus,

92 1689 177 1755 posse
208 1671 342 1757 quidem
375 1669 541 1760 pupillum
570 1669 738 1733 meliorem
766 1667 875 1733 facere·
899 1670 1122 1738 conditionem

92 1775 180 1824 mam
191 1761 290 1825 etiam
302 1765 369 1825 sine
378 1761 568 1825 auctoritate
580 1759 709 1838 tutoris,
719 1779 787 1822 non
796 1769 906 1821 autem
915 1757 1120 1825 deteriorem.

92 1845 131 1909 u.
145 1867 176 1933 g.
192 1851 220 1914 si
238 1849 310 1936 quis
327 1850 455 1938 pupillo
471 1847 593 1934 aliquid
607 1848 724 1927 donat,
740 1847 774 1910 id
793 1848 896 1926 valet,
912 1847 1036 1912 etiamsi
1053 1871 1123 1913 non

90 1941 283 2020 percussit
304 1950 412 2018 tutor,
432 1959 492 2001 nec
513 1937 547 2000 id
563 1936 740 2024 adprobet:
753 1935 779 1998 si
798 1945 907 1999 autem
927 1933 1020 2000 alteri
1041 1937 1121 2024 quid

93 2027 249 2108 promittit
278 2029 443 2117 pupillus,
471 2026 561 2090 nulla
587 2025 731 2089 nascitur
755 2045 799 2088 ex
824 2024 880 2089 illa
906 2025 1119 2114 promissione

10 2173 11 2202 ἶ
94 2113 260 2201 obligatio,
287 2117 348 2180 nisi
375 2135 510 2202 praeseus
536 2124 624 2178 tutor
642 2109 745 2178 lactus
765 2114 805 2178 sit
823 2123 947 2178 auctor.
968 2114 1121 2203 Denique

10 2205 12 2282 l
95 2200 241 2269 addimus
251 2205 298 2268 4⁰.
312 2205 522 2272 sollemniter
533 2203 713 2290 adprobat.
723 2201 877 2270 Vidimus
887 2205 995 2285 euim,
1008 2216 1122 2269 aucto·

11 2287 13 2368 i
94 2289 219 2358 ritatem
234 2317 299 2359 esse
316 2305 427 2358 actum
441 2291 641 2378 legitimum,
657 2291 817 2378 legitImos
830 2303 942 2358 antem
955 2306 1046 2359 actus
1058 2295 1124 2362 ‘sol-

13 2551 15 2591 l

14 2605 16 2650 l

12 2395 14 2418 ⁸
95 2373 347 2450 lemniterfnisse
358 2383 587 2472 explicandos,
603 2379 748 2446 diximus
761 2381 791 2466 §.
811 2401 866 2468 7⁰·

135 2483 304 2550 Habemus
318 2485 516 2548 auctoritatis
533 2481 769 2565 definitionem,
789 2505 833 2548 ex
848 2507 912 2574 qua
931 2479 1042 2549 fluunt
1058 2487 1120 2550 tria
1171 2491 1174 2497 '

96 2571 257 2637 axiomata
268 2600 277 2636 ι
294 2582 337 2637 1⁰.
350 2573 552 2638 Auctoritas
560 2583 713 2636 attactus
722 2573 908 2660 legitimus.
924 2583 968 2640 2⁰.
980 2569 1026 2639 Ea
1039 2598 1122 2664 opus

14 2653 16 2730 ἓ
96 2671 153 2740 est,
168 2662 293 2748 quoties
311 2662 389 2749 quid
405 2663 544 2748 geritur,
560 2680 626 2747 quo
646 2661 785 2725 deterior
799 2652 870 2726 lieri
880 2674 987 2764 posset
1005 2663 1124 2755 pupilli

15 2783 18 2820 κ,
95 2751 244 2816 conditio.
261 2751 309 2815 5⁰.
325 2751 432 2816 Tutor
445 2752 508 2820 hac
529 2750 720 2814 auctoritate
735 2752 865 2840 supplet
874 2751 1038 2840 judicium
1056 2774 1121 2840 pu-

16 2837 17 2890 3
96 2836 172 2933 pilli.
186 2835 237 2904 De
246 2839 460 2928 singulisjam
470 2839 639 2929 speciatim
649 2851 795 2924 agemus.

531 3005 562 3090 s.
586 3003 691 3070 con.

137 3163 287 3229 Primum
306 3163 436 3229 axioma
452 3175 520 3228 est:
542 3163 744 3228 Auctoritas
760 3172 812 3226 est
824 3174 921 3226 octus
937 3161 1123 3250 legitimus.

98 3249 146 3315 lix
163 3255 293 3318 codun
307 3255 528 3318 conclusiones
545 3251 665 3316 fluunt.
687 3251 740 3339 (l.)
762 3250 863 3336 Quod
885 3262 973 3316 tutor
987 3275 1126 3340 praesens

98 3337 298 3430 interponere
311 3341 425 3408 debeat
439 3342 685 3418 auctoritatem,
701 3351 733 3404 et
747 3341 881 3427 quidem
893 3343 928 3404 in
940 3342 1009 3429 ipso
1022 3365 1126 3432 nego·
1181 3343 1183 3348 ’

98 3427 157 3510 tio,
169 3433 198 3516 ἕ.
215 3453 253 3512 2,
268 3433 357 3496 [nst.
376 3433 409 3495 h.
426 3443 450 3494 t.
468 3432 554 3517 Ergo
569 3451 637 3496 non
650 3441 719 3494 erat
734 3430 880 3496 validum
895 3432 1082 3517 negotium,
1097 3437 1125 3501 si

22 3511 24 3580 l
100 3527 184 3584 tutor
198 3523 309 3590 absens
321 3541 380 3610 per
399 3520 518 3586 litteras
533 3521 753 3598 consensisset,
770 3529 826 3583 rint
840 3521 866 3584 si
883 3543 949 3585 rem
966 3545 983 3585 a
996 3525 1135 3612 pupillo·

23 3607 24 3680 ζ
100 3619 221 3689 gestam
230 3622 337 3699 postea
352 3621 458 3692 ratam
471 3607 618 3674 habuerit
634 3609 686 3674 vel
700 3609 959 3688 confirmarit,·l.
973 3637 1015 3697 p,
1031 3615 1061 3698 ς.
1079 3609 1136 3694 5,

24 3735 26 3754 ,
60 3731 62 3736 .

102 3695 132 3756 lt·
144 3707 170 3760 t.
182 3699 383 3764 Aomseuim
398 3699 533 3784 legitimi
543 3719 611 3762 non
626 3698 841 3762 admittebant
855 3714 1124 3787 procuratorem,

102 3783 238 3874 atlaoque
257 3790 293 3854 iu
309 3788 442 3878 propria
455 3807 592 3876 persona
612 3799 707 3851 erant
728 3787 932 3874 explicandi,
948 3788 971 3852 l.
988 3807 1059 3874 77,
1082 3791 1128 3856 de
1158 3803 1162 3810 '

103 3869 146 3935 R.
159 3875 193 3938 J.
213 3878 277 3944 His
288 3883 414 3946 obstare
435 3877 589 3942 videntur
603 3875 679 3953 duae
694 3877 788 3961 leges.
808 3875 898 3940 Nam
916 3879 961 3940 1⁰.
982 3877 1017 3940 in
1035 3879 1059 3943 1.
1079 3903 1104 3965 9

102 3957 131 4040 §0
146 3963 253 4055 rdtff
266 3968 305 4034 ir-
319 3979 343 4034 t‘.
357 3966 478 4037 dicitur
489 3993 497 4030 ι
505 3989 610 4059 posse
624 3987 679 4033 me
693 3965 832 4032 absenti
838 3965 976 4117 pupplo
991 3928 1125 4057 attqatd

954 4071 971 4117 a
