2756 4504
280 399 284 413 ι
340 326 862 438 onuounrronrssus.
909 452 914 474 Ι
1050 375 1112 464 417

96 472 208 573 possit,
221 486 335 542 contra
349 477 481 544 donatio
493 479 578 545 inter
593 477 682 547 vivos
698 501 791 567 aeque
814 503 852 544 ac
873 480 987 546 mortis
1009 502 1118 550 caussa
1180 541 1182 546 ,

92 563 173 647 juris
187 565 316 651 privati.
1100 570 1105 578 ¹

135 707 255 765 Donare
277 727 377 768 omnes
393 719 538 784 possunt,
558 710 691 785 quinon
710 711 917 786 prohibentur.
939 712 1011 770 Cod.
1033 713 1116 788 Nep.

95 800 150 842 art.
159 807 223 863 9⁰2·
240 789 369 846 Minores
379 803 478 847 autern
488 791 599 878 donare
610 812 671 849 nou
681 805 826 866 possunt,
841 807 896 851 art.
907 792 982 870 903.
1004 793 1067 850 Nisi
1086 794 1118 849 in

96 880 236 925 casuart.
251 868 326 946 1095.
342 875 401 928 Nec
417 873 553 929 mulieres
566 873 749 950 coujugatae,
770 874 825 931 nisi
843 875 942 930 mariti
959 875 1121 950 specialiter

101 948 256 1010 donationi
268 953 470 1024 consentiant,
486 966 539 1010 aut
549 973 606 1030 pro
620 956 675 1011 illis
682 955 782 1028 judex.
801 969 854 1012 ort.
863 954 932 1032 905.

430 1110 461 1194 s.
485 1107 781 1208 oooonvrrr.

142 1270 254 1360 AEque
272 1265 364 1336 facile
377 1268 549 1356 expeditur
560 1255 700 1356 ”quaestio
715 1271 833 1353 altera,
849 1273 991 1336 cuinam
1004 1271 1124 1344 ,donari

97 1361 221 1448 possit?
239 1359 381 1422 Donatio
398 1358 480 1422 inter
497 1358 584 1422 vivos
598 1373 644 1422 est
658 1373 792 1447 paetum
809 1385 816 1420 ε
833 1371 966 1448 pactum
980 1385 1047 1427 non
1059 1363 1124 1426 iui-

97 1461 154 1514 tur
174 1449 241 1513 sine
256 1447 350 1511 unius
364 1448 572 1536 promissione
587 1459 619 1510 et
632 1448 851 1538 acceptatione
870 1451 1011 1514 alterius.
1036 1453 1125 1538 Ergo

96 1551 130 1602 et
154 1536 285 1601 donatio
304 1543 346 1600 1⁰.
363 1537 497 1622 requirit
516 1537 790 1623 acceptationem,
811 1538 899 1623 quod
923 1537 990 1626 ipse
1009 1539 1123 1606 Cicero
1149 1577 1178 1600 .-

97 1625 135 1692 in
157 1627 245 1712 Top.
264 1646 292 1690 o:
314 1628 361 1704 8,
382 1635 473 1704 recte,
488 1623 648 1690 observat.
662 1625 733 1689 Nec
755 1626 871 1690 bacin
892 1649 927 1690 re
948 1625 1126 1694 differentia

95 1727 145 1781 est
163 1716 247 1780 inter
264 1713 472 1795 donationem
485 1713 570 1776 inter
590 1713 679 1779 vivos
692 1726 723 1778 et
744 1715 856 1778 mortis
875 1736 982 1783 caussa
1005 1742 1013 1778 ε
1033 1729 1126 1781 utra-

96 1827 163 1892 que
176 1801 372 1890 acceptanda
386 1813 450 1867 est.
460 1801 551 1887 Quin
564 1801 603 1866 'in
618 1825 656 1866 eo
673 1803 814 1890 positum
832 1814 876 1866 est
892 1805 1063 1869 discrimen
1076 1805 1125 1870 in·

96 1906 149 1960 ter
160 1893 273 1958 mortis
287 1913 394 1956 caussa
408 1889 615 1954 donationem
628 1901 660 1955 et
673 1891 817 1977 legatum
833 1887 1125 1959 veibdeido'nii‘nis-

98 2005 197 2062 sum,
215 1981 302 2068 quod
320 1980 406 2046 illae
423 1982 577 2068 praesente
594 1979 762 2048 donatario
778 1981 974 2068 acceptanda
989 1982 1046 2064 sit,
1061 1983 1124 2048 hoc

97 2082 211 2138 autem
222 2082 254 2136 et
265 2069 387 2134 absenti
402 2081 434 2132 et
447 2067 610 2154 ignoranti
633 2069 771 2156 relinqui
783 2070 901 2158 possit.
922 2069 1049 2135 Deinde
1072 2093 1128 2136 re·

97 2161 242 2250 quiritur
256 2167 299 2224 2⁰.
314 2158 502 2224 ut'donator
514 2168 544 2220 et
558 2156 742 2222 donatarius
752 2157 816 2222 sint
826 2181 971 2246 personae
983 2161 1126 2225 diversae.
1143 2181 1190 2214 «-

96 2249 257 2319 Vidimus
281 2249 390 2338 enim,
415 2268 459 2311 ex
481 2267 546 2310 una
569 2257 659 2337 parte
680 2247 947 2335 promissionem,
962 2271 1007 2333 *ex
1026 2249 1127 2314 altera

97 2340 355 2426 acceptationem
372 2336 476 2400 adesse
493 2335 617 2400 debere.
635 2335 676 2399 Et
694 2335 786 2422 quis,
808 2357 938 2422 quaeso,
959 2350 1037 2402 esset
1057 2350 1127 2404 tam

97 2429 239 2506 stultus,
259 2437 296 2490 ut
310 2425 369 2488 sibi
384 2424 444 2513 ipsi
465 2425 586 2488 donare
601 2423 702 2488 velit?
716 2427 759 2490 Et
775 2424 851 2488 hinc
871 2424 962 2490 i'aoile
980 2427 1129 2492 ‘redditur
1200 2477 1205 2500 .
1250 2467 1253 2483 ·

97 2515 208 2596 ratio,
230 2537 289 2584 cur
311 2514 395 2578 inter
419 2525 545 2601 patrem
568 2524 603 2576 et
621 2512 727 2577 filium
750 2535 818 2576 non
840 2515 945 2592 valeat
971 2517 1125 2602 donatio,

75 2607 78 2613 ’
96 2607 121 2672 l.
142 2629 177 2684 t,
194 2606 224 2690 5.
246 2601 332 2690 r,ff.
346 2625 411 2690 pro
430 2602 546 2666 donat.
565 2601 608 2664 Hi
626 2601 715 2666 enim
727 2601 865 2689 juridice
882 2627 951 2667 non
962 2617 1036 2668 sunt
1051 2628 1126 2692 per·

96 2717 188 2761 sonae
204 2694 357 2772 diversae,
372 2691 426 2755 sed
439 2712 504 2753 uua
519 2711 673 2778 persona,
691 2693 721 2776 5.
741 2692 813 2778 1-59'.
830 2691 861 2754 b.
878 2693 1005 2757 Deinde
1019 2706 1051 2758 et
1070 2718 1127 2758 ra·
1246 2753 1252 2763 ,

95 2787 149 2849 tio
163 2765 243 2848 inde
260 2792 368 2870 patet,
390 2801 449 2844 cur
474 2801 533 2842 neo
557 2779 709 2864 conjuges
731 2790 897 2844 constante
916 2782 1125 2846 matrimonio
1154 2827 1193 2850 ..

97 2873 245 2939 invicem
260 2871 381 2935 donare
402 2867 541 2956 possint,
571 2867 639 2932 Tit.
658 2866 709 2956 ff
725 2867 765 2930 de
788 2867 867 2932 don.
893 2871 983 2934 inter
1006 2871 1069 2934 vir.
1093 2883 1127 2936 et

99 2986 202 3030 uxor.
227 2981 312 3024 uxor
336 2959 424 3021 enirn
445 2956 524 3020 olim
547 2977 605 3042 per
630 2954 942 3037 confarreationem,
968 2960 1127 3024 coemtio-

97 3073 181 3117 nem
197 3063 229 3115 et
247 3070 342 3114 osum
361 3044 571 3110 conveniebat
584 3045 618 3108 in
635 3066 772 3108 menum
789 3045 917 3125 mariti,
937 3069 1039 3134 eoque
1058 3049 1129 3137 ipso

98 3139 307 3226 redigebatur
321 3137 355 3205 in
367 3138 556 3224 potestatem
572 3135 699 3213 mariti,
716 3144 748 3198 et
766 3133 837 3198 loco
851 3133 1057 3202 filieefarniliee
1070 3139 1128 3203 fie-

42 3291 49 3297 .
98 3232 180 3310 bat,
199 3251 258 3293 ceu
273 3224 342 3296 fuse¹
359 3222 649 3288 demonstravimus
663 3223 699 3286 in
717 3221 861 3311 Antiqu.
883 3245 918 3287 n.
934 3223 1125 3309 Romanis,

100 3320 127 3386 l.
154 3341 190 3394 r,
211 3319 262 3381 tit.
285 3313 344 3392 X,
367 3313 397 3398 5.
424 3313 468 3389 6,
487 3323 519 3376 et
540 3311 575 3374 in
602 3312 790 3380 Commeat.
809 3313 862 3376 ad
882 3312 967 3402 Leg.
989 3315 1062 3381 Jul.
1093 3330 1127 3383 et

100 3403 197 3496 Pap.
223 3403 282 3470 lib.
306 3404 356 3480 tt,
374 3425 402 3466 c.
421 3400 502 3479 XI,
521 3400 551 3486 5
573 3401 651 3466 238.
677 3399 778 3487 Quod
797 3401 823 3464 si
841 3401 948 3488 itaque
970 3400 1030 3468 fuit
1050 3405 1126 3472 filias

100 3499 198 3574 loco,
215 3515 279 3557 una
293 3512 367 3558 sane
380 3511 515 3578 persona
532 3511 609 3556 curn
626 3501 742 3554 marito
756 3487 837 3570 fuit,
852 3491 996 3578 adeoque
1008 3515 1066 3561 nec
1079 3497 1128 3580 ilii

102 3588 283 3678 quicquain
305 3581 419 3646 donari
438 3578 554 3665 potuit.
581 3578 754 3644 Enimvero
774 3582 923 3664 quamvis
941 3595 1049 3668 postea
1070 3585 1126 3648 illa

99 3679 141 3746 in
156 3695 291 3740 manum
310 3668 481 3734 conventio
499 3667 534 3729 in
553 3689 612 3730 usu
632 3689 694 3732 esse
710 3667 863 3747 desiisset,
881 3669 998 3734 mansit
1018 3683 1129 3739 tamen

99 3762 250 3839 effectus,
272 3757 434 3850 prohibita
456 3755 614 3820 nimirum
631 3756 715 3820 iuter
737 3759 890 3842 conjuges
914 3759 1129 3830 donatierat

101 3852 183 3920 bino
204 3851 275 3916 alise
299 3848 480 3914 adinvento
506 3855 582 3910 sunt
602 3848 742 3910 rationes
763 3845 859 3930 hujus
880 3849 1127 3934 prohibitionis,

101 3965 133 4008 e.
154 3963 185 4027 g.
206 3963 247 4004 ne
263 3938 414 4023 conjuges
431 3957 472 4017 aa
482 3936 587 4002 mutui
609 3935 727 4000 amoris
744 3928 877 4000 obtentu
895 3919 1038 4014 invidam
1052 3960 1129 4031 φρομ
1147 3955 1184 3978 ⁴·

153 4033 247 4095 Paua
272 4043 394 4091 eurus.
541 4075 545 4080 .
788 4093 791 4102 y
936 4023 1001 4093 Dd
