2646 4496
365 333 441 426 Dii
472 328 749 400 TUTELIS.
1011 325 1073 416 247

66 425 307 532 quippequasast
317 455 437 510 muniis
448 441 618 532 publicum
626 460 754 528 ,gerere
762 449 905 528 possunt.
918 446 962 502 2⁰.
976 437 1079 522 Quod
1093 477 1111 574 p

67 557 119 595 nec
127 534 213 598 servi
226 557 287 598 nec
287 534 468 622 peregrini
476 556 536 598 nee
548 531 708 598 mulieres
721 542 848 596 tutores
856 551 926 594 aare
930 530 1077 614 possint.
1198 535 1201 540 ’

66 621 133 685 Non
143 622 223 692 servi
236 633 269 687 et
288 621 469 711 peregrini,
484 621 561 709 quia
574 621 674 686 tutela
687 631 734 685 est
752 639 879 712 munus
889 617 1057 706 publicum
1069 669 1080 701 ,

13 719 14 734 ¹
66 713 146 794 cnjus
156 733 223 778 non
237 723 313 776 sunt
327 733 477 800 capaces,
493 711 551 776 nisi
567 711 662 776 cives.
685 709 759 774 Nou
769 708 904 787 mulier,
920 709 995 794 quia
1010 709 1078 796 ipsa

13 825 15 860 ι
66 799 133 863 olim
156 811 224 866 erat
244 799 604 888 sub1tutela‚adeoqua
624 799 702 864 alios
720 819 831 884 regere
856 819 925 862 non
940 809 1079 885 poterat.

13 917 14 934 2
67 888 214 970 Accedit,
229 887 321 976 'quod
342 911 404 956 neo
418 889 571 960 mulieres
587 888 710 956 habiles
725 886 789 954 siut
812 885 854 950 ad
872 885 1089 954 subeundum-

66 998 174 1042 munns
189 979 357 1068 publicum
372 991 408 1044 et
425 979 603 1067 personale.
616 977 685 1044 Sed
702 977 774 1044 hose
792 976 949 1064 posterior
967 988 1080 1044 umen

66 1068 164 1152 regula
181 1067 571 1157 admittitexcsptionam.
586 1067 673 1134 Nam
685 1065 888 1132 lastinianus
896 1064 983 1133 Not.
1000 1065 1081 1149 118,

66 1176 127 1243 cap.
149 1157 316 1238 5sanxit,
342 1169 464 1221 utnon
485 1157 584 1222 modo
606 1156 648 1220 ad
672 1155 809 1222 tutelam
831 1153 1083 1224 admitterentur
1124 1157 1129 1184 ¹

65 1256 156 1309 mater
171 1257 203 1310 et
220 1246 310 1326 avia,
330 1245 384 1310 sed
406 1247 505 1311 etiam
524 1245 655 1331 reliquis
673 1245 797 1332 agnatis
819 1244 970 1337 omnibus
989 1257 1082 1311 ante·

64 1329 225 1398 ferrentur.
247 1335 369 1413 Ratio,
395 1354 468 1421 quae
487 1335 708 1399 lastinianum
730 1333 852 1413 morit,
877 1345 923 1397 est
944 1334 1078 1420 insignis
1140 1395 1143 1403 .
1177 1397 1188 1418 ‚

13 1461 14 1488 ;
67 1441 148 1486 amor
158 1469 169 1506 ,
185 1445 254 1512 quo
279 1423 452 1514 complecti
466 1423 581 1498 liberos
605 1435 638 1490 et
657 1433 789 1511 nepotes
812 1422 916 1486 solent
932 1435 1083 1490 meteret
1159 1428 1162 1434 '

64 1511 145 1592 avia,
164 1513 224 1599 qui
245 1523 356 1578 tantus
377 1535 441 1578 esse
454 1514 533 1580 solet
544 1562 554 1595 ,
573 1524 610 1578 ut
625 1513 661 1577 in
681 1535 733 1587 aas
754 1509 813 1578 vix
827 1510 930 1574 -cadat
944 1513 1083 1602 suspicio
1197 1567 1199 1572 .

64 1601 147 1670 malae
161 1601 459 1668 administrationis.
473 1602 656 1688 Sed-tamen
669 1603 721 1667 hae
733 1621 863 1688 quoque
877 1595 1082 1668 feminaenon
1106 1653 1109 1659 .

63 1687 137 1754 fiunt
150 1691 283 1772 tutrices
294 1691 473 1762 liberorum
483 1741 492 1772 ‚
501 1691 562 1756 nisi
573 1691 623 1758 his
634 1690 808 1758 observatis
821 1689 1060 1756 conditionibus
1071 1719 1081 1758 s

66 1779 104 1842 1⁰.
126 1790 161 1843 ut
179 1781 375 1846 renunciant
393 1781 539 1846 secundis
557 1781 700 1870 nuptiis,
719 1792 752 1844 et
769 1783 814 1844 2⁰.
833 1777 1005 1867 privilegio
1023 1781 1083 1846 ses

64 1867 312 1936 natus-Consulti
327 1869 512 1950 Velleiani,
537 1891 580 1936 ex
594 1893 660 1958 quo
674 1868 751 1936 alias
766 1868 917 1934 mulieres
931 1891 993 1958 pro
1012 1869 1081 1936 aliis

63 1953 262 2047 fidejubentes
275 1958 554 2046 nonobligantur.
791 1959 792 1962 '

97 2099 233 2158 Mulieres
250 2099 374 2156 tutelam
390 2087 518 2158 nancisci
535 2119 598 2156 non
615 2099 700 2158 aliter
718 2097 819 2158 Codex
837 2099 971 2176 Napolso
994 2101 1083 2171 vult,

13 2197 14 2200 ¹
66 2179 144 2252 quim
156 2181 180 2238 si
191 2181 240 2238 vel
250 2193 358 2238 matres
367 2182 415 2270 ¹vel
426 2179 616 2248 ascendentes
626 2178 734 2260 pupilli
747 2182 825 2254 sint,
841 2195 897 2240 art.
908 2177 1023 2274 iisjdo.

377 2359 379 2364 ·
463 2335 494 2420 a.
523 2333 668 2402 covt.

101 2491 274 2573 Vidimus,
288 2493 346 2580 qui
359 2503 481 2560 totores
494 2515 558 2559 asse
573 2493 695 2584 possint
713 2519 722 2558 s
740 2494 809 2579 jam
828 2495 1085 2589 dispiciendum,

15 2641 16 2650 ,
66 2581 168 2665 quibus
185 2582 312 2648 casibus
333 2593 456 2648 tutores
478 2583 545 2648 dati
565 2585 616 2650 vel
638 2585 875 2674 impediantur,
894 2587 945 2653 vel
969 2611 1085 2654 corum

66 2670 289 2741 administratio
314 2673 552 2762 suspendatur?
574 2671 613 2738 Id
637 2695 715 2738 rero
729 2695 773 2738 ex
787 2675 853 2740 line
867 2675 978 2742 tutelas
992 2677 1084 2762 judi-

66 2761 215 2838 candum,
233 2761 291 2848 qui
304 2773 367 2843 est,
382 2772 420 2826 ut
432 2771 526 2828 tutor
540 2771 785 2842 tuscianum,
798 2765 861 2852 qui
867 2787 936 2853 per
945 2775 1085 2832 oetatem

66 2871 95 2910 se
107 2861 225 2936 sponte
239 2847 418 2940 deJ‘endere
435 2852 553 2938 nequit
574 2851 627 2940 (ς.
647 2853 743 2938 205.)
770 2854 981 2942 Quicumque
1005 2877 1085 2942 ergo

66 2935 93 3000 id
106 2951 262 3026 prostare
275 2951 460 3026 nequeunt,
476 2941 523 3004 illi
537 2961 597 3006 neo
613 2951 734 3005 tutores
753 2963 816 3005 esse
830 2953 975 3030 possunt.
987 2943 1084 3010 Tales
1158 2963 1160 2968 ·

67 3045 133 3091 vcro
147 3040 222 3094 sunt
249 3036 292 3094 1⁰.
306 3027 544 3095 Minorenrles.
566 3029 778 3094 Minorennes
803 3032 892 3094 onim
918 3051 997 3096 cum
1021 3031 1082 3122 ipsi
1106 3041 1167 3100 Η

67 3115 178 3182 subsint
191 3115 408 3197 curatoribus,
422 3117 587 3204 quomodo
598 3119 863 3184 aliostueantur?
876 3123 922 3204 2⁰.
937 3121 1083 3188 Furiooi
1107 3167 1137 3201 ,-

68 3214 94 3264 et
108 3217 215 3272 mente
230 3208 341 3294 capti,
358 3207 416 3294 qni
430 3208 576 3272 nesciunt
590 3206 671 3296 ipsi,
687 3207 765 3298 quid
776 3219 894 3294 agant,
912 3211 1081 3298 quomodo

68 3288 97 3355 hi
113 3294 179 3360 aliis
195 3295 421 3385 prospicienti
444 3294 490 3362 5⁰.
506 3295 613 3362 Sardi
634 3307 666 3362 et
688 3298 797 3378 muti,
822 3296 899 3386 qui,
921 3298 947 3364 si
961 3299 1082 3386 sitium
1105 3335 1146 3362 r..

67 3376 122 3445 hoo
136 3385 348 3470 conjunctum
359 3385 470 3466 sit‚²ut
479 3385 576 3451 simul
590 3397 621 3450 ct
628 3385 718 3452 surdi
730 3397 762 3451 et
773 3387 857 3466 muti
868 3387 950 3469 sint,
963 3411 1083 3480 parum

69 3466 208 3538 differunt
221 3497 240 3538 a
255 3473 386 3540 furiosis
394 3483 428 3564 st.
440 3461 558 3542 inmte
571 3476 673 3566 captis
688 3525 698 3555 ,
715 3476 852 3564 ideoque
871 3487 994 3545 tutores
1017 3501 1082 3546 esse
1107 3487 1109 3493 '

68 3577 289 3650 nonpossint.
312 3564 471 3650 Quamvis
481 3567 568 3631 'vero
587 3565 657 3628 lisso
680 3565 843 3632 verisdma
863 3565 948 3649 sint,
971 3581 1083 3636 tamen

69 3646 321 3739 distinguendum
344 3665 389 3718 est
411 3654 496 3719 inter
514 3653 651 3722 tutelam
678 3655 973 3738 testamentariam,
998 3659 1083 3746 legi-

70 3737 176 3806 timam
190 3753 222 3810 et
237 3743 402 3812 doricam.
420 3743 456 3808 Si
480 3742 568 3808 entim
587 3753 709 3808 tartaros
725 3756 915 3810 testamento
935 3747 1084 3824 dationis

71 3826 279 3911 miserandos,
296 3829 433 3912 ’Μυσὴ
449 3829 538 3898 surdi
562 3841 595 3894 et
615 3832 718 3912 muti,
745 3844 824 3898 tuno
845 3834 886 3898 ob
908 3834 979 3900 haed
1004 3837 1080 3902 vitia

73 3917 162 3983 tutela
174 3943 240 3988 non
251 3921 386 4006 linitur,
397 3921 454 3986 sed
468 3919 692 4010 suspenditur,
706 3921 727 3986 i.
746 3945 776 3990 e.
793 3934 927 3988 manent
940 3935 1084 4012 tutores,
1100 3971 1120 4030 Ι.

859 4009 931 4101 Qsr
