2710 4504
248 286 313 362 nn
480 321 483 332 -
541 263 996 370 nra-an1,r1r.1r.'

250 395 282 484 ς.
298 390 356 462 48.
371 393 464 462 Idem
480 417 552 486 mos
565 389 674 463 adhue
693 392 858 464 obtinebat
876 396 936 462 snb
955 395 1122 479 Augusto,
1137 390 1274 482 impera·

224 519 226 522 ·
250 496 340 566 tore,
353 485 410 574 qui
423 507 492 553 nou
503 507 562 575 per
575 497 724 555 senatum
737 537 745 564 ,
760 487 814 552 sed
829 509 887 576 per
900 484 1051 572 suffragia
1070 481 1180 571 populi
1196 483 1274 566 teges

250 569 396 656 ferebat,
420 595 462 640 ne
487 573 616 662 regium
638 573 816 666 imperium
835 574 995 640 adfectare
1017 570 1190 639 videretur.
1217 563 1276 634 Sed

219 686 232 700 ·
252 665 382 754 primus
405 661 555 730 Tiberius
581 663 695 730 callide
718 665 873 754 persuasit
894 686 938 754 po
963 663 1018 728 ulo
1030 711 1040 743 ,
1057 661 1230 726 molestum
1249 657 1277 720 ei

256 774 321 820 esse
339 753 375 818 in
389 775 494 816 unum
512 755 707 838 convenire,
722 755 752 844 ἕ.
766 761 787 821 6
800 804 812 834 ,
827 754 918 820 Inst.
938 687 971 818 di.
994 763 1017 816 t.
1037 750 1061 816 l.
1082 772 1117 830 2,
1136 751 1166 836 ς.
1181 772 1205 834 9
1218 795 1226 826 ,
1233 743 1277 836 ff

253 841 295 928 de
313 839 354 906 O.
371 841 406 906 J.
419 853 452 908 et
467 841 544 908 hinc
560 841 650 930 quasi
666 845 827 934 populum
842 865 939 910 onere
950 843 1135 920 levaturus,
1152 835 1278 902 comitia

252 953 271 998 e
289 951 408 1022 campo
425 933 589 1018 transtulit
608 931 644 998 in
660 933 798 1000 curiam.
824 933 907 1000 Tac.
929 931 1064 998 Annal.
1082 931 1105 992 l.
1126 953 1161 1008 t,
1178 951 1205 991 c.
1231 927 1277 990 15.

252 1019 294 1108 id
313 1043 396 1106 fuero
412 1043 451 1086 eo
476 1021 609 1088 consilio
630 1019 726 1104 fecit,
750 1034 787 1088 ut
807 1022 917 1090 omnia
942 1031 1045 1110 posset
1068 1017 1128 1082 suo
1153 1013 1280 1082 arbitrio

253 1121 405 1188 mutare:
421 1121 583 1177 senatores
597 1112 686 1179 enim
699 1123 779 1179 tuno
798 1121 891 1178 erant
904 1133 994 1176 serva
1018 1111 1138 1200 pecora
1152 1102 1279 1172 'liberio

134 1223 137 1234 ’
253 1199 295 1266 ad
311 1197 422 1280 onmia
438 1199 602 1282 obnoxia,
621 1223 694 1289 quae
714 1223 785 1268 non
799 1201 956 1266 auderent
974 1199 1025 1264 itti·
1038 1199 1106 1264 ulla
1121 1197 1157 1262 in
1172 1216 1207 1260 re
1229 1214 1280 1256 re·

252 1275 384 1374 fragani·
405 1289 521 1356 Modus
534 1313 611 1358 vero
627 1289 788 1358 condendi
807 1287 877 1357 hoec
899 1285 1208 1356 Senatus-'Consulto
1230 1281 1292 1346 hic.

253 1389 346 1461 erat,
367 1389 402 1444 ut
421 1379 472 1448 1⁰.
489 1373 656 1469 frequente
673 1392 786 1446 senatu
803 1377 988 1448 confluente
1005 1378 1187 1468 imperator
1199 1391 1281 1464 prae·

257 1467 402 1550 mitteret
420 1469 625 1550 orationem,
667 1491 709 1534 ua
731 1490 852 1538 novam
875 1469 994 1556 legem*
1008 1465 1184 1542 suadebst3
1201 1459 1282 1525 unde

256 1557 373 1645 etipsa
392 1492 703 1628 Senatus-Considio
723 1576 806 1652 sae'pe
819 1571 981 1630 vocantur
1000 1557 1174 1624 orationes
1186 1551 1284 1640 prin-

256 1647 392 1734 cipum,
410 1648 462 1732 vei
478 1648 554 1732 jura
571 1646 771 1717 orationibus
792 1648 979 1740 principum
1000 1645 1189 1712 constituta.
1205 1637 1281 1706 vit.

255 1735 507 1820 Jrnisconsnltus
535 1733 691 1808 eruditiss.
720 1739 830 1828 Scipio
852 1735 991 1807 Gentilis
1007 1733 1052 1802 de
1073 1727 1282 1826 orationibus

250 1827 466 1914 prinoinnm.
495 1835 540 1894 2⁰.
567 1828 613 1895 aa
637 1827 742 1897 oratio
764 1825 932 1918 legebatur
951 1848 971 1894 a
990 1817 1151 1916 quaestor'e
1174 1815 1284 1884 nandr-

256 1915 354 1998 dato,
371 1916 393 1979 l.
410 1941 469 1983 nrt.
486 1918 552 2004 §.2
572 1927 605 1986 et
623 1913 648 1982 4
659 1913 724 2006 ‚ffi
744 1915 785 1982 de
804 1915 888 2008 offic.
906 1925 1027 2006 quaest.
1050 1913 1098 1980 5⁰·
1122 1909 1213 1977 Hinc
1234 1928 1286 1970 ren

256 2004 335 2070 latio
353 2005 492 2074 fisbata
516 2007 673 2094 consule,
697 2016 729 2070 et
750 2017 913 2074 senatores
934 2002 1139 2094 rogabantur
1162 2007 1284 2065 senten·

256 2094 347 2160 tiam.
368 2095 415 2160 4⁰.
436 2095 541 2182 Dictis
558 2095 722 2164 tentantis
736 2093 1086 2184 pronuntiabatCsesar
1107 2118 1116 2158 s
1137 2089 1200 2180 qui
1219 2085 1285 2153 haee

257 2183 415 2266 serotinis,
440 2185 477 2249 in
503 2185 616 2266 Ιιτιιιος
641 2186 702 2272 qni
722 2185 794 2252 olio
813 2183 952 2264 omniu,
976 2186 1014 2250 in
1037 2181 1139 2250 ittam
1152 2185 1285 2268 partem

256 2271 417 2342 discedite
428 2263 446 2336 J
459 2279 530 2362 quo
550 2274 695 2346 sentitis·
716 2273 794 2362 Quo
812 2272 899 2342 facto
925 2273 969 2342 5⁰·
992 2281 1157 2340 senatores
1175 2285 1284 2356 surge-
1340 2325 1341 2344 ,

257 2359 336 2443 bant
349 2372 382 2426 et
395 2363 514 2448 singuli
527 2362 562 2434 in
580 2386 654 2434 eam
672 2373 800 2451 partem
819 2363 933 2444 ibant,
954 2381 1100 2452 quacum
1122 2357 1285 2430 sentirent.
1340 2349 1341 2426 i

257 2449 305 2530 β’.
326 2450 360 2516 Si
380 2451 489 2540 itaque
512 2451 661 2541 pluribus
683 2451 847 2522 sententiis
867 2464 946 2524 asset
972 2451 1108 2543 probata
1134 2440 1286 2544 principia

255 2539 381 2622 oratio,
394 2551 474 2612 tuno
488 2541 524 2606 in
538 2563 612 2611 eam
628 2541 821 2612 sententiam
831 2541 1032 2612 scribebatur
1047 2533 1285 2608 Senatus-Con-
1340 2563 1341 2606 r

257 2628 400 2713 snitum,
414 2631 514 2720 idque
531 2629 647 2700 deinde
665 2630 722 2704 aeri
738 2631 879 2700 incisum
894 2642 927 2698 et
939 2629 1069 2722 publice
1083 2623 1285 2726 propositum
1340 2631 1341 2710 i

257 2718 373 2784 serario
388 2719 522 2785 Saturni
534 2713 743 2786 inferebatur.
1128 2749 1131 2766 r
1340 2729 1341 2762 ³

303 2808 423 2876 Obiter
435 2809 642 2892 notandum,
663 2808 971 2875 Senatus-Consulto
986 2805 1121 2873 nomina
1134 2800 1286 2892 accepisse
1340 2845 1341 2860 i

256 2898 452 2988 pierumque
472 2900 669 2981 sanusne,
690 2899 758 2988 qui
771 2897 811 2966 sd
832 2911 982 2970 senatum
1002 2897 1179 2974 retulerat,
1200 2915 1228 2956 e.
1255 2909 1284 2974 g·

231 2986 235 2999 '
258 2987 606 3055 Senatus-Consultum
621 2989 865 3056 Trebellianum
880 3037 890 3069 ,
908 2985 1140 3062 Velleiannm,
1154 2977 1285 3049 Tertul-

197 3089 201 3094 “
256 3076 381 3144 danum
397 3130 406 3160 ‚
421 3079 670 3168 Orphitianum.
688 3079 804 3144 Unum
823 3088 889 3158 est,
910 3075 999 3166 qnod
1020 3073 1062 3140 ab
1083 3071 1286 3162 improbust
1340 3075 1341 3086 ¹

257 3165 388 3233 eoeleste
413 3169 548 3234 homine
560 3184 581 3250 ,’
594 3167 652 3259 qui
665 3166 984 3234 Senatus-Consulto
1004 3163 1209 3230 oooasionem
1231 3155 1286 3221 de·

190 3259 195 3268 ’
257 3255 668 3344 derat‚eognorninatum‚
680 3268 759 3345 putu
773 3255 1079 3326 Macedonianum
1096 3250 1286 3321 Maoedone,

238 3344 411 3434 ‘improbo
435 3345 630 3429 foeneratore
653 3347 801 3424 dietant,
822 3343 845 3410 l.
872 3367 904 3426 a,
920 3367 981 3432 pr.
989 3339 1037 3434 ff
1058 3339 1099 3408 da
1123 3341 1287 3408 deuotus«

258 3434 423 3500 Consulto
439 3435 626 3504 Macedon.

142 3587 145 3598 ,
262 3551 266 3558 ·
301 3524 364 3590 sed
380 3525 556 3614 quatitur,
577 3523 734 3611 quamdiu
753 3520 1064 3600 Senatus-Consulto
1080 3519 1117 3584 in
1139 3511 1286 3585 usufue·

255 3613 348 3699 rint?
358 3614 523 3694 ‘romain
539 3613 699 3702 quamdin
715 3611 984 3679 dissimulandum
1000 3608 1169 3676 videbatur
1183 3605 1285 3691 impe-

257 3702 432 3774 ratoribus.
450 3703 539 3768 Hinc
561 3703 620 3768 sub
641 3701 814 3770 Antonino
829 3701 971 3781 Severo,
991 3697 1164 3764 Antonino
1185 3693 1285 3758 Cata-

258 3793 360 3875 satia,
382 3790 558 3882 Elagabalo
573 3803 608 3857 et
632 3789 828 3878 Alexandro
847 3791 956 3856 adhue
976 3778 1284 3854 ueneno-consuta

193 3937 195 3942 .
259 3892 486 3950 memorantur-
504 3878 611 3948 nota:
631 3892 705 3973 post
721 3903 758 3950 aa
781 3893 931 3970 tempora
951 3877 1010 3950 rix
1025 3883 1285 3970 assummum
