2646 4496
337 335 411 402 nn
437 333 808 404 urnuarrurs.
1020 328 1081 420 137

81 443 218 532 agitatio·
233 445 413 545 Fingebam
428 447 515 512 enim
538 445 700 526 Romani,
714 445 844 512 libertos
863 441 1008 534 patronis
1020 443 1086 508 suis

80 545 212 617 agnatos,
224 546 256 598 et
269 535 446 622 quasililios
455 558 518 600 esse
527 585 534 614 ,
543 537 618 622 quia
632 535 705 624 ipsis
718 535 808 620 quasi
819 535 921 600 vitam
935 531 1083 597 debeant.

78 617 213 688 Durante
228 623 315 688 enim
338 626 489 690 servitute
511 636 604 689 erant
625 647 699 690 res:
720 647 780 714 per
798 623 1086 690 manumissionem

77 708 182 774 fiebant
198 735 343 801 personat
353 763 362 794 ,
379 713 522 802 adeoque
541 713 574 778 id
590 711 782 778 beneficium
803 711 962 778 debebant
977 721 1087 798 patro-

7 823 8 840 2
76 797 132 880 nis,
151 811 187 864 ut
206 825 350 890 personae
369 814 480 868 essent.
502 803 636 870 Patroni
659 803 768 890 itaque
790 801 910 866 libertis
931 801 1004 865 locu
1023 821 1085 887 pa-

7 903 8 910 *
76 898 153 951 trum
168 901 199 954 et
213 891 444 979 proximorum
459 903 653 978 agnatorum
673 907 775 956 erant.
794 891 882 956 lliuc
903 889 1009 954 liberti
1024 911 1086 975 pa-

75 985 233 1043 tronorum
247 981 449 1069 praenomina
463 993 496 1046 et
513 983 667 1055 nomme,
686 992 855 1068 tamquam
869 979 925 1044 filii
941 980 1087 1044 adsume·

75 1063 141 1129 bant
150 1116 159 1148 ‚
174 1091 202 1132 e.
218 1091 250 1156 g.
267 1092 376 1136 servus
387 1091 405 1133 a
417 1069 572 1135 Cicerone
587 1071 801 1141 manumissus
814 1080 907 1134 antea
920 1067 1088 1136 dicebatur

74 1155 163 1237 Tiro,
186 1171 259 1246 post
281 1159 568 1226 manumissionem
595 1155 726 1224 Marcus
748 1161 779 1226 T
782 1159 877 1224 ullius
898 1157 990 1224 Tiro.
1008 1157 1085 1220 Alia

72 1247 208 1333 exempla
222 1261 400 1313 occurrunt
416 1247 488 1312 inl.
501 1245 572 1332 94,
574 1247 621 1338 ff
638 1249 680 1314 cte
691 1249 814 1338 Legat.
829 1250 869 1326 3,
886 1247 907 1311 l.
922 1251 985 1326 88,
999 1248 1029 1330 ς.
1046 1248 1085 1322 6,

73 1331 106 1396 tle
119 1335 237 1424 Legat.
254 1359 296 1416 2,
312 1337 335 1402 l.
353 1341 415 1404 108
422 1387 433 1418 ‚
446 1336 485 1428 ffi
500 1340 541 1404 tte
555 1338 650 1404 corzd.
666 1348 698 1401 et
711 1339 896 1402 demonstr.
911 1358 953 1400 ex
968 1334 1085 1422 quibus

72 1417 179 1506 legibus
192 1437 304 1514 patet,
316 1449 398 1514 saepe
413 1439 566 1514 patronos
581 1423 685 1514 legata
705 1425 825 1492 libertis
845 1424 1030 1510 reliquisse,
1046 1443 1083 1486 oa

71 1512 241 1580 conditione
255 1527 287 1580 et
300 1515 387 1602 lege,
402 1537 444 1579 ne
458 1515 497 1580 de
512 1517 644 1606 patruni
655 1516 788 1582 nomine
801 1515 940 1580 exirent.

431 1745 436 1752 .
478 1678 509 1763 a.
534 1675 668 1742 cxn.

105 1829 152 1894 Ex
171 1831 237 1896 hoc
255 1829 365 1916 itaque
380 1795 593 1894 fundamento
607 1828 717 1894 omnia
737 1827 781 1915 (b)
803 1827 913 1894 lluunt
927 1827 1003 1982 lim
1024 1849 1086 1916 pa-

7 1917 9 1934 '
70 1923 212 1984 tronatus.
244 1919 333 2006 Quia
357 1923 446 1984 enim
465 1919 598 1984 libertus
622 1931 760 2021 patrono
780 1915 881 1983 instar
903 1915 926 1982 li
943 1917 961 1982 'i
990 1929 1090 1996 erat„

7 2193 9 2222 1

7 2223 9 2254 l

7 2257 10 2322 l

8 2323 10 2370 ι

70 2005 136 2072 hinc
145 2009 186 2096 (a)
198 2019 342 2098 patrono
357 2004 491 2072 debebat
505 2007 696 2095 obsequrum
710 2019 743 2072 et
755 2007 990 2084 reverentiam,
1006 2006 1087 2070 atleo

71 2109 117 2177 ut,
133 2098 412 2186 quemadmodum
434 2097 518 2162 filius
532 2109 658 2188 patrem
680 2119 746 2172 non
765 2107 891 2186 poterat
909 2095 942 2160 iu
957 2097 1010 2182 jus
1025 2117 1086 2158 vo·

69 2206 148 2269 care,
163 2187 224 2252 nisi
244 2185 338 2252 venia
352 2210 369 2250 a
389 2199 526 2276 praetore
540 2187 731 2276 impetrata,
745 2185 790 2250 ita
804 2208 864 2251 nec
880 2183 1012 2250 libertus
1025 2206 1087 2271 pa-

68 2283 199 2341 tronum.
226 2277 251 2341 l.
270 2299 318 2360 9,
339 2274 387 2367 ff.
409 2276 450 2340 de
472 2275 582 2362 obseq.
602 2289 696 2361 patr.
720 2271 766 2364 (β)
790 2275 931 2340 Patrono
951 2273 1087 2338 debebat

69 2383 85 2426 o
120 2389 178 2432 ras.
200 2368 324 2453 Operae
341 2377 457 2428 autem
482 2375 556 2432 sunt
578 2365 628 2431 vel
646 2363 809 2452 'qfficiules
821 2414 832 2443 ,
858 2363 907 2428 vel
922 2363 1086 2451 jubrz'lea.

72 2387 230 2542 tljltteialee
247 2453 424 2518 consistunt
437 2454 471 2518 in
492 2477 550 2536 eo,
566 2465 601 2518 ut
615 2453 748 2518 libertus
762 2465 940 2544 patronum
955 2451 1088 2546 honoris

67 2561 162 2610 caussa
185 2543 384 2622 comitetur,
405 2543 497 2630 eique
513 2544 600 2610 belsit
618 2542 720 2608 officii
740 2565 849 2608 caussa
871 2542 907 2607 in
929 2539 1089 2624 conviviis

8 2663 9 2666 ¹
66 2631 185 2720 aliisque
195 2631 476 2697 sollemnitatibus.
493 2633 652 2716 Fabriles
664 2631 879 2697 consistebant
891 2631 925 2696 in
936 2629 1085 2720 opificio,

66 2723 142 2805 quod
155 2721 292 2788 libertus
309 2721 497 2803 exercebat,
511 2743 540 2785 e.
557 2745 588 2808 g.
605 2733 660 2799 ut,
675 2722 700 2786 si
712 2732 817 2786 sartor
829 2733 929 2802 esset,
945 2731 1085 2808 patrono

66 2823 152 2876 restes
166 2809 363 2880 conficereta
377 2810 402 2875 si
416 2820 523 2892 sutor,
541 2813 685 2890 calceos3
705 2810 731 2874 si
750 2808 858 2891 faber,
880 2811 962 2874 tedes
981 2807 1086 2872 oedili-

8 2915 10 2986 ὲ
66 2912 162 2980 caret,
177 2913 242 2966 etc.
264 2897 433 2986 Officioles
449 2922 577 3005 semper
594 2899 687 2962 debet
702 2899 855 2979 libertus,
870 2899 927 2962 etsi
948 2919 1000 2962 eas
1017 2919 1086 2960 non

8 3005 11 3041 l

65 2989 261 3072 promiserit,
284 2987 306 3052 l.
326 3011 350 3078 9
360 3039 378 3068 ,,
391 2990 421 3076 §
445 3013 456 3054 t
465 3039 479 3092 ³.
486 2987 532 3078 ff
554 2989 596 3054 de
616 3012 706 3074 oper.
723 2987 781 3054 tit.
798 2986 960 3054 Fabrilea
975 2997 1087 3050 autem

9 3089 11 3166 ὲ
64 3097 123 3140 nou
135 3078 195 3144 nisi
213 3075 385 3166 promissas
397 3079 628 3165 jurejurando,
650 3077 673 3141 l.
692 3079 716 3141 6
718 3126 729 3156 ‚
734 3074 782 3166 ffi
799 3076 871 3142 eod.
888 3073 937 3164 (a)
961 3075 1010 3176 Ut
1023 3098 1085 3164 pa-

9 3169 11 3182 l

9 3187 11 3204 t

9 3399 12 3506 l

63 3174 166 3232 tronus
182 3167 299 3232 liberto
314 3166 355 3230 ab
369 3167 517 3256 intestato
532 3167 716 3232 succederet
729 3180 900 3252 tamquam
915 3187 1088 3252 proximus

64 3267 207 3338 agnatus,
224 3254 285 3318 nisi
299 3253 365 3343 ipse
378 3255 495 3322 liberos
509 3256 700 3342 reliquisset,
710 3279 766 3344 pr.
782 3257 871 3320 Just.
887 3256 928 3320 cte
942 3279 1084 3319 success.

64 3341 163 3410 libert.
183 3345 227 3430 (t)
248 3343 296 3412 Ut
320 3343 451 3428 libertus
468 3357 609 3434 patrono
631 3345 816 3433 portionem
834 3341 1019 3424 hereditatis
1041 3364 1086 3409 ex

64 3440 246 3500 testamento
260 3432 441 3522 relinquere
453 3446 636 3515 teneretur,
648 3436 678 3520 ς.
692 3435 734 3514 3,
748 3435 839 3500 lust.
856 3433 929 3500 eorl.

385 3683 412 3697 ,Ι
458 3591 674 3686 egonus.

103 3741 280 3830 Reliquum
295 3754 360 3825 est3
379 3743 454 3830 (V.)
471 3755 529 3824 ut,
545 3765 587 3806 an
601 3743 670 3808 lnaec
686 3739 796 3807 omnia
812 3743 908 3809 bodie
919 3763 1014 3807 usum
1026 3741 1086 3804 ba-

64 3826 174 3913 beant,
195 3831 428 3922 expendamus.
444 3833 510 3898 llic
530 3834 692 3920 sequentia
714 3833 912 3898 observanda
935 3830 1085 3913 1⁶.Quiu

65 3921 173 4005 passim
196 3932 366 4014 supersunt
384 3920 499 4018 serm,
534 3922 585 3989 rel
609 3922 759 3988 homines
782 3923 930 4012 proprii,
954 3919 1031 3984 hinc
1055 3931 1087 3983 et
