<?xml version="1.0" encoding="UTF-8"?>
<!DOCTYPE html PUBLIC "-//W3C//DTD XHTML 1.0 Transitional//EN"
    "http://www.w3.org/TR/xhtml1/DTD/xhtml1-transitional.dtd">
<html xmlns="http://www.w3.org/1999/xhtml" xml:lang="en" lang="en">
 <head>
  <title>
</title>
<meta http-equiv="Content-Type" content="text/html;charset=utf-8" />
  <meta name='ocr-system' content='tesseract 3.04.00' />
  <meta name='ocr-capabilities' content='ocr_page ocr_carea ocr_par ocr_line ocrx_word'/>
</head>
<body>
  <div class='ocr_page' id='page_1' title='image "./recitationesine00heingoog_0113.png"; bbox 0 0 2646 4496; ppageno 0'>
   <div class='ocr_carea' id='block_1_1' title="bbox 238 241 976 378">
    <p class='ocr_par' dir='ltr' id='par_1_1' title="bbox 238 241 976 378">
     <span class='ocr_line' id='line_1_1' title="bbox 238 241 976 378; baseline 0.004 -20"><span class='ocrx_word' id='word_1_1' title='bbox 238 289 301 360; x_wconf 63' lang='lat' dir='ltr'>iu</span> <span class='ocrx_word' id='word_1_2' title='bbox 516 241 976 378; x_wconf 45' lang='lat' dir='ltr'>uiuunt,r1rssn</span> 
     </span>
    </p>
   </div>
   <div class='ocr_carea' id='block_1_2' title="bbox 184 401 1310 1920">
    <p class='ocr_par' dir='ltr' id='par_1_2' title="bbox 184 401 1310 1920">
     <span class='ocr_line' id='line_1_2' title="bbox 234 401 1244 496; baseline -0.001 -28"><span class='ocrx_word' id='word_1_3' title='bbox 234 405 297 480; x_wconf 65' lang='grc' dir='ltr'>τὴς</span> <span class='ocrx_word' id='word_1_4' title='bbox 309 420 375 491; x_wconf 88' lang='lat' dir='ltr'>quo</span> <span class='ocrx_word' id='word_1_5' title='bbox 390 404 553 492; x_wconf 73' lang='lat' dir='ltr'><strong>pertinent</strong></span> <span class='ocrx_word' id='word_1_6' title='bbox 572 405 727 471; x_wconf 84' lang='lat' dir='ltr'>notabiles</span> <span class='ocrx_word' id='word_1_7' title='bbox 745 417 853 472; x_wconf 80' lang='lat' dir='ltr'>textus</span> <span class='ocrx_word' id='word_1_8' title='bbox 868 407 890 473; x_wconf 82' lang='lat' dir='ltr'>l.</span> <span class='ocrx_word' id='word_1_9' title='bbox 908 413 953 486; x_wconf 84' lang='lat'>5,</span> <span class='ocrx_word' id='word_1_10' title='bbox 971 408 994 472; x_wconf 80' lang='lat' dir='ltr'>l.</span> <span class='ocrx_word' id='word_1_11' title='bbox 1020 407 1056 487; x_wconf 81' lang='grc' dir='ltr'>θ,</span> <span class='ocrx_word' id='word_1_12' title='bbox 1063 403 1109 496; x_wconf 88' lang='lat' dir='ltr'>ff.</span> <span class='ocrx_word' id='word_1_13' title='bbox 1124 403 1163 470; x_wconf 79' lang='lat' dir='ltr'>de</span> <span class='ocrx_word' id='word_1_14' title='bbox 1179 401 1244 469; x_wconf 79' lang='lat' dir='ltr'>ltu.</span> 
     </span>
     <span class='ocr_line' id='line_1_3' title="bbox 234 493 1245 584; baseline -0.003 -26"><span class='ocrx_word' id='word_1_15' title='bbox 234 494 351 579; x_wconf 78' lang='lat' dir='ltr'>Nupt-</span> <span class='ocrx_word' id='word_1_16' title='bbox 378 495 481 558; x_wconf 86' lang='lat' dir='ltr'>Porro</span> <span class='ocrx_word' id='word_1_17' title='bbox 505 496 693 580; x_wconf 84' lang='lat' dir='ltr'>conjunctio</span> <span class='ocrx_word' id='word_1_18' title='bbox 721 499 829 562; x_wconf 87' lang='lat' dir='ltr'>moris</span> <span class='ocrx_word' id='word_1_19' title='bbox 854 509 886 560; x_wconf 82' lang='lat' dir='ltr'>et</span> <span class='ocrx_word' id='word_1_20' title='bbox 898 498 1073 584; x_wconf 57' lang='lat' dir='ltr'>scaniam</span> <span class='ocrx_word' id='word_1_21' title='bbox 1099 493 1245 560; x_wconf 81' lang='lat' dir='ltr'>Romanis</span> 
     </span>
     <span class='ocr_line' id='line_1_4' title="bbox 237 583 1245 682; baseline 0 -38"><span class='ocrx_word' id='word_1_22' title='bbox 237 583 326 648; x_wconf 86' lang='lat' dir='ltr'>enim</span> <span class='ocrx_word' id='word_1_23' title='bbox 352 583 513 672; x_wconf 85' lang='lat' dir='ltr'>prohibita</span> <span class='ocrx_word' id='word_1_24' title='bbox 541 593 610 670; x_wconf 73' lang='lat' dir='ltr'>erat</span> <span class='ocrx_word' id='word_1_25' title='bbox 632 585 819 672; x_wconf 88' lang='lat' dir='ltr'>polygamia</span> <span class='ocrx_word' id='word_1_26' title='bbox 840 587 1049 666; x_wconf 81' lang='lat' dir='ltr'>simultanea,</span> <span class='ocrx_word' id='word_1_27' title='bbox 1070 585 1099 668; x_wconf 81' lang='lat'>§.</span> <span class='ocrx_word' id='word_1_28' title='bbox 1123 586 1192 647; x_wconf 78' lang='lat' dir='ltr'>(iet</span> <span class='ocrx_word' id='word_1_29' title='bbox 1205 601 1245 682; x_wconf 76' lang='lat'>7,</span> 
     </span>
     <span class='ocr_line' id='line_1_5' title="bbox 235 671 1245 752; baseline -0.004 -16"><span class='ocrx_word' id='word_1_30' title='bbox 235 672 325 736; x_wconf 84' lang='lat' dir='ltr'>Inst.</span> <span class='ocrx_word' id='word_1_31' title='bbox 345 671 377 735; x_wconf 82' lang='lat' dir='ltr'>t.</span> <span class='ocrx_word' id='word_1_32' title='bbox 396 682 419 735; x_wconf 83' lang='lat' dir='ltr'>t.</span> <span class='ocrx_word' id='word_1_33' title='bbox 437 671 591 752; x_wconf 78' lang='lat' dir='ltr'>Addunt,</span> <span class='ocrx_word' id='word_1_34' title='bbox 606 676 815 738; x_wconf 80' lang='lat' dir='ltr'>consortium</span> <span class='ocrx_word' id='word_1_35' title='bbox 827 677 938 740; x_wconf 84' lang='lat' dir='ltr'>omnis</span> <span class='ocrx_word' id='word_1_36' title='bbox 953 675 1033 740; x_wconf 79' lang='lat' dir='ltr'>oitoe</span> <span class='ocrx_word' id='word_1_37' title='bbox 1042 703 1054 750; x_wconf 89' lang='lat'><em>;</em></span> <span class='ocrx_word' id='word_1_38' title='bbox 1069 691 1152 736; x_wconf 87' lang='lat' dir='ltr'>uxor</span> <span class='ocrx_word' id='word_1_39' title='bbox 1161 691 1245 734; x_wconf 79' lang='lat' dir='ltr'>emm</span> 
     </span>
     <span class='ocr_line' id='line_1_6' title="bbox 236 759 1247 850; baseline -0.002 -27"><span class='ocrx_word' id='word_1_40' title='bbox 236 778 315 824; x_wconf 85' lang='lat' dir='ltr'>cum</span> <span class='ocrx_word' id='word_1_41' title='bbox 327 759 401 840; x_wconf 71' lang='lat' dir='ltr'>viro</span> <span class='ocrx_word' id='word_1_42' title='bbox 418 763 531 825; x_wconf 87' lang='lat' dir='ltr'>eadem</span> <span class='ocrx_word' id='word_1_43' title='bbox 550 761 651 826; x_wconf 85' lang='lat' dir='ltr'>domo</span> <span class='ocrx_word' id='word_1_44' title='bbox 670 763 784 846; x_wconf 82' lang='lat' dir='ltr'>degere</span> <span class='ocrx_word' id='word_1_45' title='bbox 802 765 992 840; x_wconf 79' lang='lat' dir='ltr'>tenebatur3</span> <span class='ocrx_word' id='word_1_46' title='bbox 1006 761 1092 826; x_wconf 90' lang='lat' dir='ltr'>unde</span> <span class='ocrx_word' id='word_1_47' title='bbox 1111 761 1247 850; x_wconf 76' lang='lat' dir='ltr'>phrases,</span> 
     </span>
     <span class='ocr_line' id='line_1_7' title="bbox 234 846 1246 940; baseline -0.002 -28"><span class='ocrx_word' id='word_1_48' title='bbox 234 846 375 914; x_wconf 79' lang='lat' dir='ltr'>domum</span> <span class='ocrx_word' id='word_1_49' title='bbox 390 849 527 930; x_wconf 82' lang='lat' dir='ltr'>ducere,</span> <span class='ocrx_word' id='word_1_50' title='bbox 544 872 685 916; x_wconf 84' lang='lat' dir='ltr'>uxorem</span> <span class='ocrx_word' id='word_1_51' title='bbox 700 853 827 915; x_wconf 70' lang='lat' dir='ltr'>discere.</span> <span class='ocrx_word' id='word_1_52' title='bbox 842 850 1135 940; x_wconf 68' lang='lat' dir='ltr'>Denique,¹divini</span> <span class='ocrx_word' id='word_1_53' title='bbox 1147 858 1178 912; x_wconf 83' lang='lat' dir='ltr'>et</span> <span class='ocrx_word' id='word_1_54' title='bbox 1190 847 1246 911; x_wconf 63' lang='lat' dir='ltr'>hu*</span> 
     </span>
     <span class='ocr_line' id='line_1_8' title="bbox 236 937 1246 1025; baseline -0.004 -24"><span class='ocrx_word' id='word_1_55' title='bbox 236 941 335 1002; x_wconf 84' lang='lat' dir='ltr'>mani</span> <span class='ocrx_word' id='word_1_56' title='bbox 345 938 440 1025; x_wconf 68' lang='lat' dir='ltr'>juris</span> <span class='ocrx_word' id='word_1_57' title='bbox 453 939 729 1004; x_wconf 72' lang='lat' dir='ltr'><em>communicatio.</em></span> <span class='ocrx_word' id='word_1_58' title='bbox 749 940 889 1006; x_wconf 81' lang='lat' dir='ltr'>Romani</span> <span class='ocrx_word' id='word_1_59' title='bbox 906 943 994 1006; x_wconf 86' lang='lat' dir='ltr'>enim</span> <span class='ocrx_word' id='word_1_60' title='bbox 1010 937 1170 1005; x_wconf 79' lang='lat' dir='ltr'>habebant</span> <span class='ocrx_word' id='word_1_61' title='bbox 1181 955 1246 999; x_wconf 81' lang='lat' dir='ltr'>suos</span> 
     </span>
     <span class='ocr_line' id='line_1_9' title="bbox 235 1025 1308 1118; baseline -0.005 -27"><span class='ocrx_word' id='word_1_62' title='bbox 235 1025 311 1113; x_wconf 82' lang='lat' dir='ltr'>deos</span> <span class='ocrx_word' id='word_1_63' title='bbox 320 1025 520 1106; x_wconf 85' lang='lat' dir='ltr'>domesticus,</span> <span class='ocrx_word' id='word_1_64' title='bbox 529 1051 609 1114; x_wconf 86' lang='lat' dir='ltr'>quos</span> <span class='ocrx_word' id='word_1_65' title='bbox 620 1025 718 1094; x_wconf 62' lang='lat' dir='ltr'>[sares</span> <span class='ocrx_word' id='word_1_66' title='bbox 727 1040 759 1092; x_wconf 88' lang='lat' dir='ltr'>et</span> <span class='ocrx_word' id='word_1_67' title='bbox 770 1029 904 1096; x_wconf 83' lang='lat' dir='ltr'>Penates</span> <span class='ocrx_word' id='word_1_68' title='bbox 916 1029 1249 1118; x_wconf 72' lang='lat' dir='ltr'>adpellabantzeorum</span> <span class='ocrx_word' id='word_1_69' title='bbox 1307 1025 1308 1030; x_wconf 72' lang='grc'>’</span> 
     </span>
     <span class='ocr_line' id='line_1_10' title="bbox 237 1111 1248 1208; baseline -0.004 -28"><span class='ocrx_word' id='word_1_70' title='bbox 237 1137 406 1180; x_wconf 83' lang='lat' dir='ltr'>sacrorum</span> <span class='ocrx_word' id='word_1_71' title='bbox 417 1116 666 1182; x_wconf 84' lang='lat' dir='ltr'>domesticorum</span> <span class='ocrx_word' id='word_1_72' title='bbox 679 1117 851 1208; x_wconf 78' lang='lat' dir='ltr'><strong>participes</strong></span> <span class='ocrx_word' id='word_1_73' title='bbox 860 1117 981 1187; x_wconf 85' lang='lat' dir='ltr'>fiebant</span> <span class='ocrx_word' id='word_1_74' title='bbox 991 1139 1121 1182; x_wconf 76' lang='lat' dir='ltr'>uxores.</span> <span class='ocrx_word' id='word_1_75' title='bbox 1134 1115 1178 1179; x_wconf 79' lang='lat'>4⁰.</span> <span class='ocrx_word' id='word_1_76' title='bbox 1189 1111 1248 1176; x_wconf 86' lang='lat' dir='ltr'>De-</span> 
     </span>
     <span class='ocr_line' id='line_1_11' title="bbox 234 1198 1250 1296; baseline -0.006 -24"><span class='ocrx_word' id='word_1_77' title='bbox 234 1202 336 1290; x_wconf 76' lang='lat' dir='ltr'>nique</span> <span class='ocrx_word' id='word_1_78' title='bbox 359 1206 633 1270; x_wconf 81' lang='lat' dir='ltr'>Protcstontium</span> <span class='ocrx_word' id='word_1_79' title='bbox 644 1203 775 1296; x_wconf 79' lang='lat' dir='ltr'>nuptiae</span> <span class='ocrx_word' id='word_1_80' title='bbox 788 1219 865 1272; x_wconf 88' lang='lat' dir='ltr'>sunt</span> <span class='ocrx_word' id='word_1_81' title='bbox 876 1210 1019 1272; x_wconf 79' lang='lat' dir='ltr'>societas</span> <span class='ocrx_word' id='word_1_82' title='bbox 1039 1205 1148 1271; x_wconf 80' lang='lat' dir='ltr'>moris</span> <span class='ocrx_word' id='word_1_83' title='bbox 1163 1213 1193 1266; x_wconf 82' lang='lat' dir='ltr'>et</span> <span class='ocrx_word' id='word_1_84' title='bbox 1200 1198 1250 1288; x_wconf 84' lang='lat' dir='ltr'>se·</span> 
     </span>
     <span class='ocr_line' id='line_1_12' title="bbox 238 1294 1248 1381; baseline -0.006 -23"><span class='ocrx_word' id='word_1_85' title='bbox 238 1295 345 1378; x_wconf 81' lang='lat' dir='ltr'>minoe</span> <span class='ocrx_word' id='word_1_86' title='bbox 364 1294 613 1372; x_wconf 75' lang='lat' dir='ltr'>indissolubilia</span> <span class='ocrx_word' id='word_1_87' title='bbox 630 1307 662 1362; x_wconf 81' lang='lat' dir='ltr'>ot</span> <span class='ocrx_word' id='word_1_88' title='bbox 673 1295 839 1360; x_wconf 77' lang='lat' dir='ltr'>diuinitus</span> <span class='ocrx_word' id='word_1_89' title='bbox 854 1299 1036 1372; x_wconf 75' lang='lat' dir='ltr'>instituto,</span> <span class='ocrx_word' id='word_1_90' title='bbox 1053 1295 1248 1381; x_wconf 67' lang='lat' dir='ltr'>adgenera-</span> 
     </span>
     <span class='ocr_line' id='line_1_13' title="bbox 236 1375 1250 1470; baseline -0.005 -25"><span class='ocrx_word' id='word_1_91' title='bbox 236 1379 366 1446; x_wconf 74' lang='lat' dir='ltr'>tio&#39;nem</span> <span class='ocrx_word' id='word_1_92' title='bbox 384 1375 494 1470; x_wconf 76' lang='lat' dir='ltr'>prolis</span> <span class='ocrx_word' id='word_1_93' title='bbox 516 1393 549 1448; x_wconf 84' lang='lat' dir='ltr'>et</span> <span class='ocrx_word' id='word_1_94' title='bbox 573 1396 733 1448; x_wconf 85' lang='lat' dir='ltr'>mutuum</span> <span class='ocrx_word' id='word_1_95' title='bbox 754 1387 833 1450; x_wconf 78' lang='lat' dir='ltr'>vitm</span> <span class='ocrx_word' id='word_1_96' title='bbox 857 1385 1071 1464; x_wconf 79' lang='lat' dir='ltr'>adjutorium</span> <span class='ocrx_word' id='word_1_97' title='bbox 1098 1377 1250 1448; x_wconf 80' lang='lat' dir='ltr'>ineundo.</span> 
     </span>
     <span class='ocr_line' id='line_1_14' title="bbox 235 1467 1263 1559; baseline -0.002 -25"><span class='ocrx_word' id='word_1_98' title='bbox 235 1469 278 1536; x_wconf 89' lang='lat' dir='ltr'>In</span> <span class='ocrx_word' id='word_1_99' title='bbox 298 1483 366 1559; x_wconf 63' lang='lat' dir='ltr'>qua*</span> <span class='ocrx_word' id='word_1_100' title='bbox 385 1471 695 1538; x_wconf 76' lang='lat' dir='ltr'>definitioneomui&#39;a</span> <span class='ocrx_word' id='word_1_101' title='bbox 710 1473 861 1542; x_wconf 81' lang='lat' dir='ltr'>nituntur</span> <span class='ocrx_word' id='word_1_102' title='bbox 876 1472 1090 1538; x_wconf 81' lang='lat' dir='ltr'>fundamento</span> <span class='ocrx_word' id='word_1_103' title='bbox 1102 1473 1135 1536; x_wconf 89' lang='lat' dir='ltr'>S.</span> <span class='ocrx_word' id='word_1_104' title='bbox 1151 1467 1263 1554; x_wconf 69' lang='lat' dir='ltr'>Scrip·</span> 
     </span>
     <span class='ocr_line' id='line_1_15' title="bbox 235 1553 1310 1648; baseline -0.002 -24"><span class='ocrx_word' id='word_1_105' title='bbox 235 1571 330 1625; x_wconf 85' lang='lat' dir='ltr'>turoe.</span> <span class='ocrx_word' id='word_1_106' title='bbox 356 1559 523 1626; x_wconf 81' lang='lat' dir='ltr'>Dicuntur</span> <span class='ocrx_word' id='word_1_107' title='bbox 542 1561 666 1648; x_wconf 80' lang='lat' dir='ltr'>nuptiae</span> <span class='ocrx_word' id='word_1_108' title='bbox 690 1565 833 1627; x_wconf 80' lang='lat' dir='ltr'>societas</span> <span class='ocrx_word' id='word_1_109' title='bbox 856 1561 965 1627; x_wconf 83' lang='lat' dir='ltr'>moris</span> <span class='ocrx_word' id='word_1_110' title='bbox 989 1573 1021 1626; x_wconf 82' lang='lat' dir='ltr'>et</span> <span class='ocrx_word' id='word_1_111' title='bbox 1036 1559 1198 1648; x_wconf 75' lang='lat' dir='ltr'>feminco,</span> <span class='ocrx_word' id='word_1_112' title='bbox 1216 1553 1251 1617; x_wconf 82' lang='lat' dir='ltr'>ob</span> <span class='ocrx_word' id='word_1_113' title='bbox 1309 1623 1310 1648; x_wconf 68' lang='lat'>,</span> 
     </span>
     <span class='ocr_line' id='line_1_16' title="bbox 235 1645 1251 1728; baseline -0.005 -15"><span class='ocrx_word' id='word_1_114' title='bbox 235 1648 335 1713; x_wconf 71' lang='lat' dir='ltr'>rerba</span> <span class='ocrx_word' id='word_1_115' title='bbox 365 1647 449 1714; x_wconf 81' lang='lat' dir='ltr'>Gen.</span> <span class='ocrx_word' id='word_1_116' title='bbox 470 1649 535 1728; x_wconf 90' lang='lat' dir='ltr'>II,</span> <span class='ocrx_word' id='word_1_117' title='bbox 563 1645 810 1726; x_wconf 68' lang='lat' dir='ltr'>243&#39;dicuntur</span> <span class='ocrx_word' id='word_1_118' title='bbox 834 1653 967 1717; x_wconf 87' lang='lat' dir='ltr'>societas</span> <span class='ocrx_word' id='word_1_119' title='bbox 992 1645 1251 1720; x_wconf 82' lang='lat' dir='ltr'>indissolubilis,</span> 
     </span>
     <span class='ocr_line' id='line_1_17' title="bbox 184 1735 1254 1820; baseline -0.004 -22"><span class='ocrx_word' id='word_1_120' title='bbox 184 1779 188 1798; x_wconf 79' lang='grc'><strong>.</strong></span> <span class='ocrx_word' id='word_1_121' title='bbox 240 1737 283 1802; x_wconf 79' lang='lat' dir='ltr'>ob</span> <span class='ocrx_word' id='word_1_122' title='bbox 313 1739 444 1803; x_wconf 77' lang='lat' dir='ltr'>Mottk.</span> <span class='ocrx_word' id='word_1_123' title='bbox 475 1737 642 1820; x_wconf 87' lang='lat' dir='ltr'><em>XXIV,</em></span> <span class='ocrx_word' id='word_1_124' title='bbox 672 1742 696 1804; x_wconf 82' lang='grc'><strong><em>6</em></strong></span> <span class='ocrx_word' id='word_1_125' title='bbox 705 1765 716 1817; x_wconf 83' lang='lat'><em>3</em></span> <span class='ocrx_word' id='word_1_126' title='bbox 747 1740 902 1804; x_wconf 89' lang='lat' dir='ltr'>dicuntur</span> <span class='ocrx_word' id='word_1_127' title='bbox 929 1739 1097 1805; x_wconf 77' lang='lat' dir='ltr'>divinitus</span> <span class='ocrx_word' id='word_1_128' title='bbox 1127 1735 1254 1802; x_wconf 84' lang='lat' dir='ltr'>institu-</span> 
     </span>
     <span class='ocr_line' id='line_1_18' title="bbox 238 1826 1252 1920; baseline -0.007 -29"><span class='ocrx_word' id='word_1_129' title='bbox 238 1836 294 1908; x_wconf 68' lang='grc' dir='ltr'>ἴα,</span> <span class='ocrx_word' id='word_1_130' title='bbox 315 1827 358 1892; x_wconf 90' lang='lat' dir='ltr'>ob</span> <span class='ocrx_word' id='word_1_131' title='bbox 376 1826 462 1893; x_wconf 84' lang='lat' dir='ltr'>Gen.</span> <span class='ocrx_word' id='word_1_132' title='bbox 489 1827 516 1894; x_wconf 95' lang='grc' dir='ltr'><em>Ι</em></span> <span class='ocrx_word' id='word_1_133' title='bbox 520 1829 543 1894; x_wconf 82' lang='lat' dir='ltr'><em>I</em></span> <span class='ocrx_word' id='word_1_134' title='bbox 547 1835 558 1908; x_wconf 87' lang='grc'>“,</span> <span class='ocrx_word' id='word_1_135' title='bbox 585 1844 649 1912; x_wconf 65' lang='lat'>213</span> <span class='ocrx_word' id='word_1_136' title='bbox 672 1827 824 1909; x_wconf 76' lang='lat' dir='ltr'>additur,</span> <span class='ocrx_word' id='word_1_137' title='bbox 848 1829 897 1894; x_wconf 80' lang='lat' dir='ltr'>od</span> <span class='ocrx_word' id='word_1_138' title='bbox 913 1829 1171 1920; x_wconf 78' lang='lat' dir='ltr'>generationem</span> <span class='ocrx_word' id='word_1_139' title='bbox 1179 1844 1252 1910; x_wconf 81' lang='lat' dir='ltr'>pro·</span> 
     </span>
    </p>
   </div>
   <div class='ocr_carea' id='block_1_3' title="bbox 237 1915 1252 2088">
    <p class='ocr_par' dir='ltr' id='par_1_3' title="bbox 237 1915 1252 2088">
     <span class='ocr_line' id='line_1_19' title="bbox 237 1915 1252 2008; baseline -0.008 -27"><span class='ocrx_word' id='word_1_140' title='bbox 237 1916 279 1984; x_wconf 86' lang='lat' dir='ltr'>lis</span> <span class='ocrx_word' id='word_1_141' title='bbox 295 1966 304 1995; x_wconf 90' lang='lat'>,</span> <span class='ocrx_word' id='word_1_142' title='bbox 319 1915 362 1980; x_wconf 92' lang='lat' dir='ltr'>ob</span> <span class='ocrx_word' id='word_1_143' title='bbox 380 1915 464 1982; x_wconf 84' lang='lat' dir='ltr'>Gen.</span> <span class='ocrx_word' id='word_1_144' title='bbox 477 1917 521 1995; x_wconf 91' lang='lat' dir='ltr'>I,</span> <span class='ocrx_word' id='word_1_145' title='bbox 534 1937 554 1982; x_wconf 78' lang='lat'><strong><em>2</em></strong></span> <span class='ocrx_word' id='word_1_146' title='bbox 565 1967 577 1997; x_wconf 91' lang='lat'>,</span> <span class='ocrx_word' id='word_1_147' title='bbox 591 1929 627 1983; x_wconf 84' lang='lat' dir='ltr'>et</span> <span class='ocrx_word' id='word_1_148' title='bbox 641 1929 801 1984; x_wconf 83' lang='lat' dir='ltr'>mutuum</span> <span class='ocrx_word' id='word_1_149' title='bbox 818 1919 899 1986; x_wconf 77' lang='lat' dir='ltr'>oitoe</span> <span class='ocrx_word' id='word_1_150' title='bbox 913 1917 1130 2008; x_wconf 74' lang='lat' dir='ltr'>orlj&#39;utorinm</span> <span class='ocrx_word' id='word_1_151' title='bbox 1141 1915 1252 1980; x_wconf 85' lang='lat' dir='ltr'>ineun-</span> 
     </span>
     <span class='ocr_line' id='line_1_20' title="bbox 238 2005 613 2088; baseline -0.003 -17"><span class='ocrx_word' id='word_1_152' title='bbox 238 2005 285 2071; x_wconf 74' lang='lat' dir='ltr'>do</span> <span class='ocrx_word' id='word_1_153' title='bbox 293 2055 306 2086; x_wconf 85' lang='lat'>,</span> <span class='ocrx_word' id='word_1_154' title='bbox 327 2005 368 2070; x_wconf 91' lang='lat' dir='ltr'>ob</span> <span class='ocrx_word' id='word_1_155' title='bbox 386 2005 471 2071; x_wconf 86' lang='lat' dir='ltr'>Gen.</span> <span class='ocrx_word' id='word_1_156' title='bbox 488 2006 550 2088; x_wconf 88' lang='lat' dir='ltr'>II,</span> <span class='ocrx_word' id='word_1_157' title='bbox 565 2009 613 2072; x_wconf 76' lang='lat'>18.</span> 
     </span>
    </p>
   </div>
   <div class='ocr_carea' id='block_1_4' title="bbox 547 2126 982 2250">
    <p class='ocr_par' dir='ltr' id='par_1_4' title="bbox 547 2126 982 2250">
     <span class='ocr_line' id='line_1_21' title="bbox 547 2126 982 2250; baseline -0.007 -20"><span class='ocrx_word' id='word_1_158' title='bbox 547 2126 554 2181; x_wconf 70' lang='lat'><strong><em>⁵</em></strong></span> <span class='ocrx_word' id='word_1_159' title='bbox 620 2153 879 2250; x_wconf 62' lang='lat' dir='ltr'>ccxnvn.</span> <span class='ocrx_word' id='word_1_160' title='bbox 978 2173 982 2180; x_wconf 59' lang='grc'>’</span> 
     </span>
    </p>
   </div>
   <div class='ocr_carea' id='block_1_5' title="bbox 191 2310 1307 3385">
    <p class='ocr_par' dir='ltr' id='par_1_5' title="bbox 251 2310 1257 2394">
     <span class='ocr_line' id='line_1_22' title="bbox 251 2310 1257 2394; baseline -0.003 -15"><span class='ocrx_word' id='word_1_161' title='bbox 251 2381 254 2390; x_wconf 81' lang='grc'>,</span> <span class='ocrx_word' id='word_1_162' title='bbox 284 2315 337 2380; x_wconf 86' lang='lat' dir='ltr'>Ex</span> <span class='ocrx_word' id='word_1_163' title='bbox 349 2315 399 2380; x_wconf 83' lang='lat' dir='ltr'>his</span> <span class='ocrx_word' id='word_1_164' title='bbox 413 2315 653 2394; x_wconf 79' lang='lat' dir='ltr'>definitionibus</span> <span class='ocrx_word' id='word_1_165' title='bbox 673 2315 784 2392; x_wconf 87' lang='lat' dir='ltr'>fluunt</span> <span class='ocrx_word' id='word_1_166' title='bbox 804 2317 929 2384; x_wconf 82' lang='lat' dir='ltr'>diversa</span> <span class='ocrx_word' id='word_1_167' title='bbox 943 2313 1164 2383; x_wconf 77' lang='lat' dir='ltr'>¹fundamenta</span> <span class='ocrx_word' id='word_1_168' title='bbox 1179 2310 1257 2378; x_wconf 83' lang='lat' dir='ltr'>deci-</span> 
     </span>
    </p>

    <p class='ocr_par' dir='ltr' id='par_1_6' title="bbox 191 2402 1307 3385">
     <span class='ocr_line' id='line_1_23' title="bbox 236 2402 1256 2482; baseline -0.006 -14"><span class='ocrx_word' id='word_1_169' title='bbox 236 2402 333 2468; x_wconf 87' lang='lat' dir='ltr'>dendi</span> <span class='ocrx_word' id='word_1_170' title='bbox 357 2425 483 2482; x_wconf 69' lang='lat' dir='ltr'>caumas</span> <span class='ocrx_word' id='word_1_171' title='bbox 499 2404 764 2480; x_wconf 65' lang='lat' dir='ltr'>matrimoniales.</span> <span class='ocrx_word' id='word_1_172' title='bbox 788 2405 879 2473; x_wconf 82' lang='lat' dir='ltr'>Nam</span> <span class='ocrx_word' id='word_1_173' title='bbox 906 2413 949 2472; x_wconf 82' lang='lat'>1⁰.</span> <span class='ocrx_word' id='word_1_174' title='bbox 976 2403 1190 2470; x_wconf 62' lang='lat' dir='ltr'>Jus&#39;Naturae&#39;</span> <span class='ocrx_word' id='word_1_175' title='bbox 1212 2421 1256 2466; x_wconf 86' lang='lat' dir='ltr'>eas</span> 
     </span>
     <span class='ocr_line' id='line_1_24' title="bbox 236 2485 1254 2582; baseline -0.004 -26"><span class='ocrx_word' id='word_1_176' title='bbox 236 2489 356 2558; x_wconf 82' lang='lat' dir='ltr'>decidit</span> <span class='ocrx_word' id='word_1_177' title='bbox 380 2518 422 2558; x_wconf 80' lang='lat' dir='ltr'>cx</span> <span class='ocrx_word' id='word_1_178' title='bbox 435 2491 515 2580; x_wconf 79' lang='lat' dir='ltr'>fine</span> <span class='ocrx_word' id='word_1_179' title='bbox 538 2496 781 2561; x_wconf 83' lang='lat' dir='ltr'>matrimonii.-</span> <span class='ocrx_word' id='word_1_180' title='bbox 801 2494 960 2582; x_wconf 87' lang='lat' dir='ltr'>quidquid</span> <span class='ocrx_word' id='word_1_181' title='bbox 979 2493 1013 2560; x_wconf 86' lang='lat' dir='ltr'>ei</span> <span class='ocrx_word' id='word_1_182' title='bbox 1029 2503 1204 2582; x_wconf 70' lang='lat' dir='ltr'>inpugnat,</span> <span class='ocrx_word' id='word_1_183' title='bbox 1225 2485 1254 2552; x_wconf 90' lang='lat' dir='ltr'>id</span> 
     </span>
     <span class='ocr_line' id='line_1_25' title="bbox 236 2579 1307 2669; baseline 0.005 -24"><span class='ocrx_word' id='word_1_184' title='bbox 236 2579 395 2665; x_wconf 77' lang='lat' dir='ltr'>injustum</span> <span class='ocrx_word' id='word_1_185' title='bbox 408 2595 473 2662; x_wconf 79' lang='lat' dir='ltr'>est,</span> <span class='ocrx_word' id='word_1_186' title='bbox 487 2605 517 2648; x_wconf 84' lang='lat' dir='ltr'>c.</span> <span class='ocrx_word' id='word_1_187' title='bbox 531 2605 565 2669; x_wconf 80' lang='lat' dir='ltr'>g.</span> <span class='ocrx_word' id='word_1_188' title='bbox 579 2583 826 2651; x_wconf 85' lang='lat' dir='ltr'>matrimonium</span> <span class='ocrx_word' id='word_1_189' title='bbox 842 2583 996 2654; x_wconf 84' lang='lat' dir='ltr'>eunuchi.</span> <span class='ocrx_word' id='word_1_190' title='bbox 1011 2591 1056 2648; x_wconf 77' lang='lat'>2⁰.</span> <span class='ocrx_word' id='word_1_191' title='bbox 1071 2583 1129 2647; x_wconf 69' lang='lat' dir='ltr'>ius</span> <span class='ocrx_word' id='word_1_192' title='bbox 1143 2581 1258 2662; x_wconf 79' lang='lat' dir='ltr'>Roma·</span> <span class='ocrx_word' id='word_1_193' title='bbox 1306 2589 1307 2650; x_wconf 86' lang='lat'><em>]</em></span> 
     </span>
     <span class='ocr_line' id='line_1_26' title="bbox 191 2667 1307 2762; baseline -0.008 -24"><span class='ocrx_word' id='word_1_194' title='bbox 191 2707 198 2712; x_wconf 97' lang='lat'>·</span> <span class='ocrx_word' id='word_1_195' title='bbox 237 2693 322 2750; x_wconf 81' lang='lat' dir='ltr'>num</span> <span class='ocrx_word' id='word_1_196' title='bbox 339 2694 392 2738; x_wconf 85' lang='lat' dir='ltr'>eas</span> <span class='ocrx_word' id='word_1_197' title='bbox 409 2672 528 2745; x_wconf 86' lang='lat' dir='ltr'>decidit</span> <span class='ocrx_word' id='word_1_198' title='bbox 543 2694 587 2740; x_wconf 78' lang='lat' dir='ltr'>ex</span> <span class='ocrx_word' id='word_1_199' title='bbox 603 2672 822 2738; x_wconf 69' lang='lat' dir='ltr'>tornantem</span> <span class='ocrx_word' id='word_1_200' title='bbox 837 2673 970 2762; x_wconf 73' lang='lat' dir='ltr'>tegibus</span> <span class='ocrx_word' id='word_1_201' title='bbox 985 2671 1155 2739; x_wconf 80' lang='lat' dir='ltr'>civilibus.</span> <span class='ocrx_word' id='word_1_202' title='bbox 1176 2667 1257 2734; x_wconf 88' lang='lat' dir='ltr'>Hinc</span> <span class='ocrx_word' id='word_1_203' title='bbox 1306 2685 1307 2688; x_wconf 71' lang='grc'>’</span> 
     </span>
     <span class='ocr_line' id='line_1_27' title="bbox 236 2761 1257 2850; baseline -0.009 -24"><span class='ocrx_word' id='word_1_204' title='bbox 236 2783 266 2826; x_wconf 85' lang='lat' dir='ltr'>e.</span> <span class='ocrx_word' id='word_1_205' title='bbox 282 2782 315 2848; x_wconf 84' lang='lat' dir='ltr'>g.</span> <span class='ocrx_word' id='word_1_206' title='bbox 331 2784 429 2826; x_wconf 85' lang='lat' dir='ltr'>nemo</span> <span class='ocrx_word' id='word_1_207' title='bbox 444 2773 548 2850; x_wconf 85' lang='lat' dir='ltr'>potest</span> <span class='ocrx_word' id='word_1_208' title='bbox 565 2762 683 2833; x_wconf 87' lang='lat' dir='ltr'>ducere</span> <span class='ocrx_word' id='word_1_209' title='bbox 702 2761 804 2834; x_wconf 79' lang='lat' dir='ltr'>filiam</span> <span class='ocrx_word' id='word_1_210' title='bbox 823 2761 1031 2850; x_wconf 79' lang='lat' dir='ltr'>adoptivam,</span> <span class='ocrx_word' id='word_1_211' title='bbox 1057 2783 1138 2824; x_wconf 88' lang='lat' dir='ltr'>cum</span> <span class='ocrx_word' id='word_1_212' title='bbox 1157 2769 1257 2822; x_wconf 83' lang='lat' dir='ltr'>tamen</span> 
     </span>
     <span class='ocr_line' id='line_1_28' title="bbox 235 2848 1258 2940; baseline -0.009 -24"><span class='ocrx_word' id='word_1_213' title='bbox 235 2852 328 2917; x_wconf 87' lang='lat' dir='ltr'>nulla</span> <span class='ocrx_word' id='word_1_214' title='bbox 352 2851 510 2940; x_wconf 82' lang='lat' dir='ltr'>impediat</span> <span class='ocrx_word' id='word_1_215' title='bbox 534 2851 806 2936; x_wconf 71' lang='lat' dir='ltr'>consanguinitas.</span> <span class='ocrx_word' id='word_1_216' title='bbox 831 2851 875 2916; x_wconf 76' lang='lat'>5⁰.</span> <span class='ocrx_word' id='word_1_217' title='bbox 902 2852 961 2916; x_wconf 81' lang='lat' dir='ltr'>Jus</span> <span class='ocrx_word' id='word_1_218' title='bbox 982 2848 1191 2915; x_wconf 76' lang='lat' dir='ltr'>pontificium</span> <span class='ocrx_word' id='word_1_219' title='bbox 1211 2861 1258 2908; x_wconf 83' lang='lat' dir='ltr'>eas</span> 
     </span>
     <span class='ocr_line' id='line_1_29' title="bbox 236 2934 1251 3028; baseline -0.008 -24"><span class='ocrx_word' id='word_1_220' title='bbox 236 2939 357 3006; x_wconf 84' lang='lat' dir='ltr'>decidit</span> <span class='ocrx_word' id='word_1_221' title='bbox 373 2966 415 3006; x_wconf 78' lang='lat' dir='ltr'>cx</span> <span class='ocrx_word' id='word_1_222' title='bbox 433 2941 616 3028; x_wconf 72' lang='lat' dir='ltr'>praeceptis</span> <span class='ocrx_word' id='word_1_223' title='bbox 636 2939 799 3018; x_wconf 59' lang='lat' dir='ltr'>anausim,</span> <span class='ocrx_word' id='word_1_224' title='bbox 823 2939 845 3004; x_wconf 90' lang='lat' dir='ltr'>i.</span> <span class='ocrx_word' id='word_1_225' title='bbox 866 2961 895 3004; x_wconf 85' lang='lat' dir='ltr'>e.</span> <span class='ocrx_word' id='word_1_226' title='bbox 917 2938 1084 3004; x_wconf 80' lang='lat' dir='ltr'>Pontific&#39;n</span> <span class='ocrx_word' id='word_1_227' title='bbox 1105 2934 1251 3004; x_wconf 84' lang='lat' dir='ltr'>Romani.</span> 
     </span>
     <span class='ocr_line' id='line_1_30' title="bbox 237 3023 1256 3118; baseline -0.007 -24"><span class='ocrx_word' id='word_1_228' title='bbox 237 3029 329 3104; x_wconf 85' lang='lat' dir='ltr'>Hinc</span> <span class='ocrx_word' id='word_1_229' title='bbox 338 3053 366 3094; x_wconf 88' lang='lat' dir='ltr'>e.</span> <span class='ocrx_word' id='word_1_230' title='bbox 377 3051 410 3117; x_wconf 87' lang='lat' dir='ltr'>g.</span> <span class='ocrx_word' id='word_1_231' title='bbox 420 3053 488 3095; x_wconf 91' lang='lat' dir='ltr'>non</span> <span class='ocrx_word' id='word_1_232' title='bbox 499 3029 700 3118; x_wconf 81' lang='lat' dir='ltr'>permittitur</span> <span class='ocrx_word' id='word_1_233' title='bbox 708 3028 840 3094; x_wconf 76' lang='lat' dir='ltr'>clericis</span> <span class='ocrx_word' id='word_1_234' title='bbox 849 3028 1110 3092; x_wconf 84' lang='lat' dir='ltr'>matrimonium.</span> <span class='ocrx_word' id='word_1_235' title='bbox 1122 3027 1169 3090; x_wconf 74' lang='lat'>4⁰.</span> <span class='ocrx_word' id='word_1_236' title='bbox 1183 3023 1256 3088; x_wconf 85' lang='lat' dir='ltr'>Pro·</span> 
     </span>
     <span class='ocr_line' id='line_1_31' title="bbox 237 3117 1259 3198; baseline -0.002 -14"><span class='ocrx_word' id='word_1_237' title='bbox 237 3127 388 3184; x_wconf 80' lang='lat' dir='ltr'>testantes</span> <span class='ocrx_word' id='word_1_238' title='bbox 404 3121 514 3184; x_wconf 88' lang='lat' dir='ltr'>omnia</span> <span class='ocrx_word' id='word_1_239' title='bbox 529 3117 676 3184; x_wconf 86' lang='lat' dir='ltr'>referunt</span> <span class='ocrx_word' id='word_1_240' title='bbox 694 3117 736 3182; x_wconf 89' lang='lat' dir='ltr'>ad</span> <span class='ocrx_word' id='word_1_241' title='bbox 753 3117 821 3184; x_wconf 76' lang='lat' dir='ltr'>Ius</span> <span class='ocrx_word' id='word_1_242' title='bbox 838 3119 998 3190; x_wconf 82' lang='lat' dir='ltr'>divinum</span> <span class='ocrx_word' id='word_1_243' title='bbox 1011 3117 1047 3180; x_wconf 90' lang='lat' dir='ltr'>in</span> <span class='ocrx_word' id='word_1_244' title='bbox 1061 3117 1097 3178; x_wconf 82' lang='lat' dir='ltr'>S.</span> <span class='ocrx_word' id='word_1_245' title='bbox 1112 3117 1146 3180; x_wconf 83' lang='lat' dir='ltr'>S.</span> <span class='ocrx_word' id='word_1_246' title='bbox 1156 3122 1192 3182; x_wconf 74' lang='lat' dir='ltr'>,et</span> <span class='ocrx_word' id='word_1_247' title='bbox 1208 3129 1259 3198; x_wconf 72' lang='lat' dir='ltr'>pel·</span> 
     </span>
     <span class='ocr_line' id='line_1_32' title="bbox 237 3203 1259 3292; baseline -0.004 -20"><span class='ocrx_word' id='word_1_248' title='bbox 237 3219 362 3278; x_wconf 76' lang='lat' dir='ltr'>rectam</span> <span class='ocrx_word' id='word_1_249' title='bbox 389 3209 550 3274; x_wconf 84' lang='lat' dir='ltr'>rationem</span> <span class='ocrx_word' id='word_1_250' title='bbox 577 3207 768 3274; x_wconf 83' lang='lat' dir='ltr'>revelatum.</span> <span class='ocrx_word' id='word_1_251' title='bbox 796 3207 881 3292; x_wconf 79' lang='lat' dir='ltr'>Quae</span> <span class='ocrx_word' id='word_1_252' title='bbox 905 3204 1117 3270; x_wconf 77' lang='lat' dir='ltr'>fundamenta</span> <span class='ocrx_word' id='word_1_253' title='bbox 1145 3203 1259 3268; x_wconf 76' lang='lat' dir='ltr'>diversa</span> 
     </span>
     <span class='ocr_line' id='line_1_33' title="bbox 239 3295 915 3385; baseline -0.004 -22"><span class='ocrx_word' id='word_1_254' title='bbox 239 3295 404 3364; x_wconf 78' lang='lat' dir='ltr'>doctrinas</span> <span class='ocrx_word' id='word_1_255' title='bbox 416 3299 517 3362; x_wconf 84' lang='lat' dir='ltr'>etiam</span> <span class='ocrx_word' id='word_1_256' title='bbox 529 3299 664 3385; x_wconf 80' lang='lat' dir='ltr'>pariunt</span> <span class='ocrx_word' id='word_1_257' title='bbox 678 3295 915 3361; x_wconf 80' lang='lat' dir='ltr'>diversissimas.</span> 
     </span>
    </p>
   </div>
   <div class='ocr_carea' id='block_1_6' title="bbox 541 3445 902 3535">
    <p class='ocr_par' dir='ltr' id='par_1_7' title="bbox 541 3445 902 3535">
     <span class='ocr_line' id='line_1_34' title="bbox 541 3445 902 3535; baseline -0.014 -20"><span class='ocrx_word' id='word_1_258' title='bbox 541 3525 544 3532; x_wconf 56' lang='grc'>,</span> <span class='ocrx_word' id='word_1_259' title='bbox 617 3445 902 3535; x_wconf 66' lang='lat' dir='ltr'>aoxtvun</span> 
     </span>
    </p>
   </div>
   <div class='ocr_carea' id='block_1_7' title="bbox 279 3573 1310 3694">
    <p class='ocr_par' dir='ltr' id='par_1_8' title="bbox 279 3573 1310 3694">
     <span class='ocr_line' id='line_1_35' title="bbox 279 3573 1310 3694; baseline -0.015 -20"><span class='ocrx_word' id='word_1_260' title='bbox 279 3583 457 3674; x_wconf 78' lang='lat' dir='ltr'>&#39;Hactenus</span> <span class='ocrx_word' id='word_1_261' title='bbox 470 3606 511 3672; x_wconf 89' lang='lat' dir='ltr'>de</span> <span class='ocrx_word' id='word_1_262' title='bbox 525 3585 718 3694; x_wconf 82' lang='lat' dir='ltr'>nuptiarum</span> <span class='ocrx_word' id='word_1_263' title='bbox 732 3605 928 3670; x_wconf 85' lang='lat' dir='ltr'>defiuitione.</span> <span class='ocrx_word' id='word_1_264' title='bbox 944 3606 1135 3692; x_wconf 85' lang='lat' dir='ltr'>Sequuntur</span> <span class='ocrx_word' id='word_1_265' title='bbox 1146 3601 1189 3666; x_wconf 82' lang='grc' dir='ltr'><strong>ΙΙ.</strong></span> <span class='ocrx_word' id='word_1_266' title='bbox 1198 3601 1260 3686; x_wconf 85' lang='lat' dir='ltr'>jam</span> <span class='ocrx_word' id='word_1_267' title='bbox 1309 3573 1310 3634; x_wconf 54' lang='grc' dir='ltr'><strong>ἶ</strong></span> 
     </span>
    </p>
   </div>
   <div class='ocr_carea' id='block_1_8' title="bbox 252 3443 409 3544">
    <p class='ocr_par' dir='ltr' id='par_1_9' title="bbox 252 3443 409 3544">
     <span class='ocr_line' id='line_1_36' title="bbox 254 3443 258 3450; baseline 0 0"><span class='ocrx_word' id='word_1_268' title='bbox 254 3443 258 3450; x_wconf 89' lang='grc'><strong>.</strong></span> 
     </span>
     <span class='ocr_line' id='line_1_37' title="bbox 252 3505 409 3544; baseline -0.013 0"><span class='ocrx_word' id='word_1_269' title='bbox 252 3528 255 3538; x_wconf 51' lang='grc' dir='ltr'>ι</span> <span class='ocrx_word' id='word_1_270' title='bbox 347 3505 356 3544; x_wconf 85' lang='lat' dir='ltr'>t</span> <span class='ocrx_word' id='word_1_271' title='bbox 405 3533 409 3542; x_wconf 84' lang='grc'><em>,</em></span> 
     </span>
    </p>
   </div>
   <div class='ocr_carea' id='block_1_9' title="bbox 136 3689 1260 3782">
    <p class='ocr_par' dir='ltr' id='par_1_10' title="bbox 136 3689 1260 3782">
     <span class='ocr_line' id='line_1_38' title="bbox 136 3689 1260 3782; baseline -0.005 -28"><span class='ocrx_word' id='word_1_272' title='bbox 136 3745 140 3754; x_wconf 95' lang='grc'><strong>.</strong></span> <span class='ocrx_word' id='word_1_273' title='bbox 240 3697 350 3778; x_wconf 63' lang='lat' dir='ltr'>riam,</span> <span class='ocrx_word' id='word_1_274' title='bbox 374 3695 491 3782; x_wconf 88' lang='lat' dir='ltr'>quibus</span> <span class='ocrx_word' id='word_1_275' title='bbox 515 3693 765 3760; x_wconf 78' lang='lat' dir='ltr'>matrimonium</span> <span class='ocrx_word' id='word_1_276' title='bbox 786 3695 863 3760; x_wconf 87' lang='lat' dir='ltr'>iniri</span> <span class='ocrx_word' id='word_1_277' title='bbox 887 3695 978 3758; x_wconf 86' lang='lat' dir='ltr'>solet.</span> <span class='ocrx_word' id='word_1_278' title='bbox 1002 3695 1067 3758; x_wconf 85' lang='lat' dir='ltr'>Hic</span> <span class='ocrx_word' id='word_1_279' title='bbox 1087 3689 1260 3760; x_wconf 84' lang='lat' dir='ltr'>sciendum,</span> 
     </span>
    </p>
   </div>
   <div class='ocr_carea' id='block_1_10' title="bbox 243 3781 1260 3960">
    <p class='ocr_par' dir='ltr' id='par_1_11' title="bbox 243 3781 1260 3960">
     <span class='ocr_line' id='line_1_39' title="bbox 246 3781 1260 3868; baseline -0.016 -15"><span class='ocrx_word' id='word_1_280' title='bbox 246 3787 386 3853; x_wconf 77' lang='lat' dir='ltr'>1⁶..ture</span> <span class='ocrx_word' id='word_1_281' title='bbox 406 3783 559 3851; x_wconf 85' lang='lat' dir='ltr'>Romano</span> <span class='ocrx_word' id='word_1_282' title='bbox 578 3801 769 3849; x_wconf 80' lang='lat' dir='ltr'>consensum</span> <span class='ocrx_word' id='word_1_283' title='bbox 790 3785 898 3850; x_wconf 89' lang='lat' dir='ltr'>solum</span> <span class='ocrx_word' id='word_1_284' title='bbox 915 3781 1020 3848; x_wconf 77' lang='lat' dir='ltr'>iacere</span> <span class='ocrx_word' id='word_1_285' title='bbox 1035 3782 1181 3868; x_wconf 80' lang='lat' dir='ltr'>nuptias,</span> <span class='ocrx_word' id='word_1_286' title='bbox 1201 3794 1260 3838; x_wconf 90' lang='lat' dir='ltr'>non</span> 
     </span>
     <span class='ocr_line' id='line_1_40' title="bbox 243 3873 1260 3960; baseline -0.014 -22"><span class='ocrx_word' id='word_1_287' title='bbox 243 3875 480 3958; x_wconf 86' lang='lat' dir='ltr'>concubitum,</span> <span class='ocrx_word' id='word_1_288' title='bbox 507 3897 575 3940; x_wconf 89' lang='lat' dir='ltr'>non</span> <span class='ocrx_word' id='word_1_289' title='bbox 600 3875 738 3940; x_wconf 84' lang='lat' dir='ltr'>domurn</span> <span class='ocrx_word' id='word_1_290' title='bbox 765 3873 1023 3957; x_wconf 62' lang='lat' dir='ltr'>deduc-tionem</span> <span class='ocrx_word' id='word_1_291' title='bbox 1049 3893 1121 3960; x_wconf 84' lang='lat' dir='ltr'>quae</span> <span class='ocrx_word' id='word_1_292' title='bbox 1141 3877 1260 3934; x_wconf 80' lang='lat' dir='ltr'>tantuin</span> 
     </span>
    </p>
   </div>
   <div class='ocr_carea' id='block_1_11' title="bbox 0 0 1340 4496">
    <p class='ocr_par' dir='ltr' id='par_1_12' title="bbox 0 0 1340 4496">
     <span class='ocr_line' id='line_1_41' title="bbox 0 0 1340 4496; baseline 0 0"><span class='ocrx_word' id='word_1_293' title='bbox 0 0 1340 4496; x_wconf 95' lang='lat' dir='ltr'> </span> 
     </span>
    </p>
   </div>
  </div>
 </body>
</html>
