2646 4496
4 356 11 441 t
206 351 901 426 onrroucrnnrnrurnnn.
1003 349 1064 435 ηε,

4 446 9 467 “
58 463 161 520 dernbru
172 477 254 522 tutor
265 467 394 540 dicitur;
408 480 452 526 2⁰.
469 467 574 538 matri3
588 465 632 526 3⁰.
645 467 687 523 illi
704 481 793 542 quem
810 478 895 540 pater
908 475 960 522 eut
975 476 1070 522 mater

57 559 188 620 superstes
220 549 415 625 designavit;
442 549 489 606 4⁰.
517 549 743 606 ascendentibus
773 549 930 622 utriusque
963 547 1066 610 linear,

56 629 197 704 utriusque
215 631 320 702 sexbs3
339 631 379 686 ita
397 643 495 688 tamen
516 642 549 686 ut
567 633 642 688 linea
660 642 783 706 paterna
801 629 975 704 praeferatur
1001 645 1067 684 nra-

57 721 146 778 terme,
157 723 186 766 et
205 711 236 767 in
251 713 352 770 eadem
371 711 445 768 linea
463 715 583 770 maseuli
601 715 798 788 praeferantur
816 711 959 780 foeminis;
971 705 1067 766 5⁰.l1it

4 866 8 879 Ι
55 809 118 864 qnos
129 793 262 875 designat
272 795 387 852 familia
399 793 564 852 consilium.
576 795 651 852 Vide
674 795 746 852 Cod.
759 795 840 869 Nap.
853 807 908 849 art.
920 789 1065 868 389-4'05.

863 883 870 904 l

2 1085 8 1317 i
295 1153 626 1244 TITULU·S
665 1139 820 1240 XIX.

3 1331 4 1336 '
314 1349 382 1422 De
397 1301 637 1421 fiduciaria
658 1349 792 1420 antem

168 1547 199 1636 S.
222 1547 513 1616 OCXXXVII
534 1557 568 1614 et
588 1546 922 1617 CGXXXVIII.
961 1587 963 1592 ·
1077 1491 1080 1495 ·

52 1663 220 1808 Qantara
245 1718 365 1805 operies
389 1715 541 1803 legitimae
566 1714 676 1781 tutelae
700 1712 971 1804 estfiduciaria.
998 1711 1067 1780 Ubi

51 1807 291 1888 observandum,
306 1829 427 1872 nomen
444 1806 506 1869 hoe
522 1804 634 1870 orinia
646 1803 799 1892 fiducia,
816 1827 893 1892 quae
908 1816 976 1869 erat
988 1827 1068 1894 pao·

4 1938 5 1944 κ
52 1907 108 1959 tum
123 1897 177 1960 vel
193 1904 395 1975 contractus,
411 1915 478 1982 quo
492 1894 564 1981 quis
577 1894 670 1974 altori
683 1915 753 1959 rem
769 1893 916 1960 tradebat
928 1914 964 1957 ea
980 1893 1071 1976 lege,·

4 1985 5 2050 i
50 1996 75 2048 ut
87 1985 144 2050 sibi
158 1985 214 2050 illa
229 1983 429 2050 redderetur.
443 1986 519 2070 Qua
531 1983 568 2048 in
582 1985 797 2048 conventione
812 1981 988 2048 utebantur
999 1980 1068 2048 ior·

48 2075 151 2138 mula:
172 2085 210 2138 ut
231 2074 322 2138 inter
344 2073 450 2138 ὁοηοε
463 2096 564 2164 agere
580 2073 730 2160 oportet,
746 2083 945 2162 nepmpter
966 2083 998 2136 te
1009 2068 1065 2158 fi·-

48 2163 177 2251 demque
201 2175 300 2228 tuam
310 2161 474 2250 frauder.
498 2162 567 2226 Cio.
591 2161 738 2252 dertffie.
762 2163 821 2227 lib·
844 2157 935 2240 m,
959 2185 989 2226 e.
1016 2163 1064 2226 13.

48 2251 204 2338 Ejusmodi
224 2251 353 2316 fidnoiae
368 2263 555 2316 contractus
572 2251 737 2340 interponi
755 2252 876 2316 nolebat
896 2251 931 2315 in
952 2272 1069 2316 eman-

49 2341 196 2430 oipatione
217 2341 408 2406 liberorum.
431 2341 527 2406 Pater
551 2345 639 2406 en'ina
665 2341 772 2407 lilium
794 2353 844 2407 ter
862 2335 1068 2408 venumdans

47 2428 74 2493 iu
91 2433 189 2518 tertia
206 2431 391 2496 venditione
416 2429 477 2496 sibi
502 2429 737 2519 stipulabatur,
767 2442 805 2494 ut
830 2445 937 2496 emtor
958 2430 1067 2495 filium

48 2517 126 2585 bunc
144 2519 303 2586 traditum
320 2518 379 2584 sibi
403 2519 552 2584 redderet
575 2521 626 2586 vel
648 2521 911 2599 retroveuderet,
931 2531 965 2585 et
987 2531 1068 2585 tuno

47 2623 128 2695 pater
147 2611 243 2676 illum
265 2609 541 2689 manumittebat,
566 2621 598 2673 et
620 2611 687 2691 sio,
715 2621 753 2673 ut
781 2611 946 2699 superiore
972 2611 1071 2675 titulo

48 2698 205 2780 diximus,
229 2697 328 2764 fiebat
351 2697 411 2764 filii
436 2698 634 2788 emancipati
655 2711 822 2788 patronae.
845 2691 964 2786 Qutim
988 2719 1069 2785 ergo

45 2785 104 2874 lege
117 2787 189 2855 ΧΠ
201 2789 232 2856 T
234 2788 307 2852 abb.
325 2799 402 2853 esset
419 2800 575 2868 cautum,
594 2800 632 2852 ut
642 2799 799 2876 patronus
813 2811 916 2874 eoque
936 2799 1069 2853 mortuo

1 2957 3 2962 .
45 2873 119 2942 filius
141 2877 271 2968 patroni
296 2877 337 2942 ab
360 2877 509 2942 intestato
530 2879 714 2942 snocederet
738 2903 747 2940 ι
771 2878 848 2942 hino
874 2899 943 2940 non
967 2877 1070 2941 modo

46 2977 125 3049 pater
138 2979 209 3034 orat
223 2979 314 3032 tutor
333 2965 392 3031 filii
408 2967 625 3054 emancipati,
639 2967 695 3031 aed
712 2978 745 3032 et
765 2979 857 3054 patre
871 2977 1004 3029 mortuo
1018 3015 1025 3046 ‚
1040 2966 1066 3030 si

1 3131 3 3142 .
45 3051 138 3120 illium
155 3055 354 3143 relinqueret
367 3056 461 3144 justae
476 3050 597 3134 atatim
619 3067 651 3122 et
667 3056 695 3120 is
711 3053 819 3120 fratris
840 3057 977 3119 tutelam
994 3077 1071 3118 sua·-

44 3143 180 3232 oipiebat.
203 3146 293 3210 Hinc
312 3145 504 3232 intelligitur
523 3144 669 3210 definitio
688 3145 786 3228 hujus
803 3145 911 3220 tutelae
928 3143 1066 3208 fiducia·

45 3231 113 3316 rie,
135 3235 224 3322 quod
243 3235 284 3298 eit
306 3235 427 3314 tutela,
450 3257 522 3321 quae
542 3247 613 3324 post
635 3246 776 3299 mortem
799 3234 899 3324 patria
920 3234 1067 3298 emanci-

1 3325 2 3332 ’
45 3325 137 3407 pantio
152 3325 259 3390 liberis
269 3325 337 3408 ejus
352 3324 503 3388 masculis
515 3322 664 3412 perfectae
675 3325 778 3389 aetatis
791 3321 936 3388 defertur
949 3323 985 3388 iu
997 3321 1067 3387 fra-

43 3419 116 3478 bem
127 3415 373 3502 emancipatum
389 3413 614 3502 impuberem,
629 3417 659 3500 ς.
679 3429 738 3478 urz.
755 3415 844 3480 Inar.
861 3413 895 3478 b.
912 3424 936 3477 t.
955 3413 1017 3478 Sed
1033 3422 1069 3480 et·

42 3497 102 3566 hoo
121 3503 222 3569 tutela
242 3503 339 3568 hodie
363 3503 484 3573 nullius
505 3514 553 3567 est
573 3521 672 3584 usus,
692 3505 733 3568 ob
751 3503 878 3569 easdem
900 3505 1064 3586 rationes,

1 3671 2 3674 Ἴ
42 3611 111 3676 quae
125 3595 156 3679 ς.
177 3592 463 3658 ottadduximos.
852 3621 900 3678 ss!

1 3679 2 3764 J
77 3682 191 3748 Obiter
214 3702 334 3746 moneo
357 3708 365 3746 ε
393 3681 576 3770 Ulpianum
599 3682 749 3772 Fragm.
773 3683 826 3747 tit.
844 3681 936 3762 ffi,
960 3685 991 3770 §.
1014 3687 1064 3763 5,

42 3764 138 3855 ipram
160 3771 340 3858 legitimam
363 3783 539 3860 parentum
564 3772 720 3853 tutelam,
744 3772 783 3838 de
808 3793 873 3860 qna
899 3773 1066 3860 superiore

43 3861 131 3925 titulo
144 3863 289 3948 egimus,
305 3861 467 3949 adpellere
476 3858 719 3948 fiduciariam.
733 3859 785 3925 Ex
796 3881 861 3946 quo
874 3872 964 3949 patet
970 3910 980 3941 ,
992 3863 1010 3925 J
1015 3885 1069 3924 us*

44 3947 195 4018 dmentem
220 3952 284 4019 boo
311 3971 456 4036 nomen,
479 3952 584 4018 tertiae
612 3950 692 4016 olim
723 3950 839 4038 speciei
865 3950 1067 4038 proprium,
1107 4011 1110 4014 .
