2756 4504
423 410 495 478 ue
524 405 882 496 usuruucuu
1038 467 1043 476 ,
1097 395 1162 486 ³9⁵

137 515 291 610 gibilibus
301 521 506 586 tantumdem
522 532 569 585 est
582 517 688 598 idem3
701 539 731 584 e.
744 539 776 604 g.
792 515 865 580 situ
873 509 956 578 mihi
965 506 1089 612 dederis
1097 526 1163 609 roo

138 631 267 691 aureos,
281 620 314 675 et
334 631 395 696 ego
418 609 478 674 tibi
501 608 602 674 reddo
614 607 754 676 ,totidem
779 627 908 684 aureus,
925 597 1059 668 satisfeci
1080 595 1164 674 trba,

136 698 289 787 quamvis
298 721 368 765 non
380 699 510 767 eosdem
523 698 680 785 receperis
690 719 772 784 quos
785 695 917 762 dederas
931 717 940 756 r
954 691 989 756 in
1002 711 1072 754 non
1084 685 1163 794 fun-

124 788 310 876 gluttitus,
326 789 531 854 tantumdem
543 809 611 853 non
626 798 673 851 est
684 787 781 869 idem.
797 785 886 850 istnc
904 781 930 848 si
943 779 1002 846 tibi
1016 797 1166 844 oommc-

136 877 214 943 davi
228 877 364 956 librum,
383 889 415 944 et
429 889 465 942 tu
477 878 560 942 mihi
570 876 673 942 alium
684 875 827 959 eiusdem
839 869 1026 960 quantitatis
1037 879 1070 933 et
1083 887 1165 952 qua·

137 965 237 1032 litatis
259 967 459 1048 reddideris,
489 967 636 1032 nondum
669 966 751 1032 mihi
773 961 968 1038 satisfecisti,
989 959 1044 1024 sed
1069 955 1166 1021 debes

137 1055 293 1121 eumdem
312 1057 347 1122 in
362 1080 377 1120 s
400 1057 467 1122 eois
484 1057 636 1138 reddere,
658 1079 757 1144 quem
770 1054 828 1119 tibi
841 1052 926 1118 dedi.
945 1050 992 1116 5⁰.
1008 1047 1074 1113 Res
1084 1043 1164 1110 fun·
1176 1089 1217 1116 .,

137 1144 251 1232 gibiles
264 1167 333 1212 uon
351 1081 529 1213 admittunt
545 1148 688 1236 pretium
703 1143 896 1222 affectionis,
917 1164 946 1206 e.
959 1161 992 1227 g.
1004 1160 1090 1202 unus
1103 1156 1166 1199 an-

137 1255 228 1315 reus,
250 1236 430 1321 quamvisa
445 1257 520 1324 rege
534 1235 616 1302 milri
631 1235 743 1316 «latus,
763 1255 831 1298 non
847 1243 894 1297 est
907 1228 1039 1316 majoris
1048 1225 1166 1315 pretii,

137 1340 241 1411 quam
255 1324 352 1406 alter,
368 1347 496 1413 querna
511 1327 632 1391 rustico
641 1323 752 1412 accepi
766 1350 775 1388 a
791 1334 899 1388 astrea
913 1342 982 1384 non
995 1311 1169 1401 fungibiles

136 1411 328 1500 hujusmodi
340 1415 484 1503 pretium
500 1415 688 1480 admittunt.
703 1413 756 1479 Sic
772 1435 801 1477 e.
816 1434 848 1499 g.
864 1410 1002 1475 liberae
1022 1404 1169 1470 floreno-

137 1523 217 1568 rum
230 1503 303 1568 ideo
316 1503 399 1568 milri
410 1515 515 1592 potest
527 1526 591 1570 esse
602 1503 726 1594 pluris,
750 1523 850 1588 quam
868 1519 928 1565 100
944 1496 1168 1572 florenorum,

138 1590 217 1694 quia
230 1591 326 1657 illum
341 1591 428 1657 dono
441 1593 585 1683 accepia
599 1593 765 1682 principe,
783 1613 802 1654 a
823 1600 915 1680 patre
923 1635 933 1668 ,
948 1587 1023 1674 quia
1034 1593 1081 1649 est
1091 1603 1171 1678 ¹¹¹⁰?

138 1691 326 1746 nrmentum
339 1683 452 1768 gratiae
472 1683 567 1770 regis.
588 1683 663 1748 lam
675 1703 753 1766 ergo
766 1680 793 1745 si
809 1697 1008 1766 quaeramus,
1026 1683 1169 1760 quarum

137 1783 253 1836 rerum
265 1764 1082 1861 usumfructumhaberepossimus‚respondendnm
1090 1759 1167 1839 erit,

138 1880 208 1924 non
222 1857 449 1946 fungibilium3
460 1859 536 1947 qnia
545 1861 608 1926 illas
617 1861 692 1926 soloe
703 1858 823 1924 utendo
834 1879 902 1922 non
914 1861 1169 1929 consumuntur,
1278 1896 1280 1910 .

137 1945 341 2014 ususfructus
358 1961 469 2014 autem
490 1960 537 2014 cst
557 1951 610 2038 jus
631 1945 892 2027 utendi-fruendi
910 1944 998 2009 salva
1023 1941 1071 2008 rei
1092 1939 1171 2005 snb·

138 2037 268 2101 stantia.
295 2037 384 2103 Hinc
405 2038 563 2104 absurdus
586 2049 664 2104 esset
688 2034 886 2104 ususfructus
904 2033 973 2100 viui
991 2030 1058 2097 mei
1080 2027 1171 2096 Titio

138 2147 318 2192 concessus.
333 2127 368 2192 Si
380 2127 470 2194 euim
484 2129 560 2193 rino
574 2138 720 2193 uteretur
730 2126 853 2207 Titius,
866 2146 968 2214 quam
980 2121 1171 2198 utilitatem,

139 2235 271 2302 quaeso,
285 2215 367 2282 mihi
378 2227 544 2305 praestaret
550 2218 730 2308 proprietas
740 2216 839 2304 ipsius
852 2214 940 2280 vini?
948 2208 1171 2278 Nihilominus

139 2313 254 2370 tamen
270 2301 544 2370 senatusconsulti>
565 2305 709 2394 quodam
723 2305 875 2371 inventus
891 2314 938 2370 est
955 2299 1172 2390 quasi-usus·

128 2390 294 2482 fmctus,
312 2394 371 2480 qui
382 2394 460 2459 etin
471 2395 566 2460 rebus
580 2393 792 2482 fungibilibus
806 2395 919 2459 locum
933 2389 1049 2472 habet,
1070 2385 1170 2461 modo

140 2482 327 2546 cautionem
352 2495 482 2572 proestet
503 2483 889 2571 quasi-usufructuarius,
917 2505 950 2548 se
971 2479 1067 2546 finito
1091 2499 1173 2542 usu·

139 2567 251 2636 fructu
271 2575 476 2638 tantumdem
489 2573 525 2638 in
537 2573 652 2639 eodem
664 2594 781 2660 genere
791 2571 1030 2638 restituturum.
1043 2569 1134 2653 Ergo
1144 2563 1171 2632 si

140 2657 282 2726 habeam
298 2662 390 2748 quasi
407 2659 614 2727 usufructum
627 2662 696 2728 vini
704 2711 714 2743 ,
736 2685 867 2750 possum
882 2661 997 2727 vinum
1011 2656 1096 2722 istud
1114 2654 1173 2718 ab·

137 2769 288 2830 sumere,
307 2751 407 2816 modo
431 2767 589 2831 caream,
615 2749 786 2817 usufructu
810 2750 877 2818 viui
908 2750 1027 2829 linito,
1052 2765 1172 2832 nempe

136 2848 213 2929 post
226 2851 391 2922 mortem,
410 2840 617 2904 tantumdem
628 2840 697 2904 vini
705 2851 737 2905 et
750 2839 894 2928 ejusdem
906 2837 1030 2926 generis
1042 2834 1174 2900 restitu-

139 2939 213 2991 tum
223 2926 281 3008 iri,
294 2929 325 3014 ς.
344 2950 386 3008 2,
402 2925 490 2994 Inat.
506 2930 541 2994 t.
559 2939 584 2994 t.
599 2929 708 2994 Posset
721 2929 837 3016 aliquis
850 2927 1056 3009 existimare,
1079 2925 1171 2988 huuc

139 3015 975 3108 quasi-usumfructumplanenoudilferreamatus,
986 3013 1174 3100 Quidenim
1306 3090 1309 3098 ¹

138 3105 291 3185 interest,
304 3129 348 3170 an
361 3106 536 3196 pecuniam
549 3108 625 3172 dem
636 3119 788 3176 mutuam
802 3105 917 3187 alio'ui,
930 3129 973 3169 an
983 3106 1052 3190 ejus
1066 3099 1175 3190 quasi-

138 3193 386 3260 usumfructum
414 3195 621 3260 concedam?
646 3196 709 3261 Sed
733 3218 817 3284 resp.
846 3196 931 3259 inter
958 3207 1115 3260 mutuum
1141 3203 1175 3258 et

138 3282 495 3370 quasi-usumfructum
510 3283 713 3372 permultum
725 3285 869 3351 interest.
883 3284 973 3351 Nam
988 3293 1035 3349 1⁰.
1048 3284 1084 3350 in
1096 3305 1175 3349 mu·
1206 3323 1218 3334 -
1232 3329 1240 3336 -

139 3384 199 3436 tuo
225 3373 373 3460 promitti
397 3386 531 3462 possunt
554 3398 685 3441 usurae:
709 3397 779 3440 nou
806 3385 916 3440 autem
946 3373 1024 3440 tales
1044 3380 1208 3464 praestat⁴

114 3535 118 3542 ¹
140 3459 519 3548 quasi-usufructuariae.
540 3478 585 3528 2⁰.
603 3465 644 3529 Iu
659 3475 777 3528 mutuo
792 3486 862 3528 non
880 3464 1023 3551 exigitur
1044 3464 1152 3529 cautio
1164 3472 1190 3528 τ’

140 3553 183 3618 in
198 3550 479 3640 quasi-usufructu
500 3553 653 3640 exigitur.
674 3555 724 3620 5⁰.
749 3555 907 3618 Mutuum
929 3566 1033 3643 potest
1051 3552 1175 3642 repeti,

140 3639 277 3706 simulac
296 3641 374 3704 velit
395 3641 553 3723 creditor,
577 3643 639 3707 uisi
661 3655 790 3707 certum
811 3654 940 3731 tempus
960 3644 1175 3724 constitutum

139 3729 199 3796 sit:
212 3742 246 3796 at
257 3727 562 3816 quasi-ussuliuctus
572 3732 669 3797 durat
680 3732 721 3795 ad
733 3731 799 3796 dies
812 3732 905 3808 vitrea
916 3745 962 3798 est
974 3733 1063 3798 enim
1073 3730 1176 3796 servi-

140 3830 194 3884 tus
207 3819 399 3908 personalis,
413 3841 487 3906 quaa
501 3842 579 3885 cum
591 3843 728 3909 persona
741 3821 876 3885 demum
888 3821 1041 3909 exspirat.
1059 3819 1174 3906 Quaeri
1217 3880 1233 3892 Α,
1248 3877 1255 3888 .
1274 3869 1293 3880 ..
1311 3851 1327 3867 w

140 3906 197 3974 hio
218 3909 314 3992 solet,
335 3909 361 3974 si
386 3909 525 3976 vestium
547 3909 748 3976 ususfructus
771 3910 987 3991 concedatur,
1013 3908 1095 3974 sitne
1120 3909 1175 3975 ille

141 4005 312 4082 remman
325 3997 655 4088 quasi-ususfructus?
666 4001 751 4067 Saue
765 3999 833 4090 ipsa
846 3999 923 4085 'jura
938 3999 992 4066 hic
1007 3997 1175 4066 dissentire
