2644 4504
129 306 305 408 onaan
320 339 493 410 nrum
509 337 658 425 suco.
673 327 781 432 aaa.
802 336 969 406 noum.
993 338 1058 428 557
1137 304 1145 323 ‘'

43 431 220 526 namnet,
240 461 320 540 puta
334 449 527 516 dominium.
551 447 641 512 Nam
663 453 707 513 1⁰.
722 449 950 539 possessionem
964 433 1061 537 plane

58 550 143 624 negat
153 537 204 627 jus
217 561 291 604 esse.
306 539 462 606 Possessio
475 559 544 604 non
557 536 592 602 in
603 537 699 624 jure,
724 541 779 605 sed
797 538 832 604 in
846 537 932 602 facto
944 537 1064 603 consis·

8 639 9 680 ἲ
58 626 100 689 tit.
114 627 147 691 Si
155 649 234 712 ,ergo
249 651 289 692 ne
306 625 437 714 quidem
460 627 496 691 in
509 627 583 710 jure
597 625 758 715 consistit,
779 651 857 694 sane
869 649 937 692 non
951 639 997 692 est
1009 627 1064 712 jus

8 755 9 758 =
57 713 87 776 in
100 737 150 786 re.
177 725 224 780 2⁰.
249 717 400 802 Quatuor
422 716 561 802 reliquas
584 715 702 804 species
726 716 767 784 ad
790 739 892 797 unam
913 716 1063 798 reducit,

8 863 9 880 ,
56 804 214 893 nempead
227 803 420 882 dominium.
436 803 527 868 Nam
543 803 745 884 dominium,
766 805 893 892 inquit,
910 815 969 869 aut
982 806 1063 885 uni-

8 887 9 946 Ϊ
56 893 172 956 versele
196 905 310 974 est3et
332 905 411 960 tunc
429 903 566 960 vocatur
588 893 775 958 hereditas:
798 907 855 958 aut
870 894 1060 980 singulare.

8 959 10 1028 i
57 979 579 1069 singulareveleatinrecorporali
587 981 637 1050 vel
645 981 678 1044 in
688 981 1063 1069 incorporaliillud,aut
1129 1048 1132 1066 ,

8 1093 9 1132 ι
56 1069 273 1156 proprietatem
288 1071 362 1151 dat,
373 1080 430 1134 aut
445 1070 683 1158 possessionem.
693 1070 729 1133 Si
740 1071 984 1158 proprietatem,
1001 1093 1064 1136 vo-

8 1143 10 1208 i
56 1169 137 1222 catur
150 1159 342 1224 dominium
353 1165 410 1221 κατ’
433 1157 535 1237 &topia
550 1159 625 1310 Sper
643 1159 899 1246 excellentiam.)
916 1159 973 1224 Sin
987 1157 1064 1248 pos-

56 1245 225 1328 sessionem,
241 1258 379 1315 vocatur
387 1251 534 1336 pignus.
562 1247 585 1310 :i
606 1243 743 1333 denique
759 1247 793 1311 in
815 1269 850 1312 re
864 1248 1064 1336 incorporali

56 1334 98 1398 vei
108 1335 178 1418 jure
191 1337 349 1418 consistit,
364 1337 508 1404 seruitus
517 1335 592 1402 inde
605 1335 758 1404 nascitur·
775 1336 825 1399 Ita
838 1336 985 1402 Bornius.
999 1337 1063 1402 Sed

8 1429 9 1432 ’
55 1419 108 1486 dici
117 1447 182 1490 non
191 1419 312 1514 potest,
325 1437 446 1510 quanta
460 1423 535 1490 inde
548 1423 632 1490 bella
641 1473 651 1505 ,
660 1423 766 1488 nullos
779 1423 929 1488 habitura
944 1425 1064 1491 trium-

51 1509 134 1598 phos.
157 1514 271 1580 Bornii
286 1513 375 1577 enim
393 1513 586 1579 sententiam
606 1521 696 1576 tanta
711 1512 899 1576 animorum
914 1535 1065 1581 commo-

54 1598 131 1666 tione
153 1602 391 1690 impugnarunt
418 1602 599 1682 Glaeserus,
624 1601 874 1666 iurisconsultus
896 1602 1064 1668 Helmsta·

53 1685 173 1773 diensis,
196 1689 597 1768 Schwendendosrfferus,
614 1686 805 1777 Lipsiensis,
826 1699 858 1754 et
877 1691 952 1769 alii,
977 1715 1015 1756 ac
1034 1692 1064 1756 si

53 1796 110 1866 non
121 1780 159 1846 de
172 1781 375 1869 problemate
386 1779 495 1866 aliquo
506 1777 668 1866 juridico,
687 1779 741 1842 sed
754 1779 795 1846 de
807 1779 908 1844 salute
924 1779 1062 1845 Graeciae

8 1883 10 1952 p
53 1879 197 1950 ageretur.
212 1869 298 1948 Nos,
318 1866 374 1955 qui
387 1879 480 1934 extra
494 1878 600 1956 partes
615 1868 726 1930 sumus
733 1864 847 1948 ,facile
859 1869 930 1953 jam
945 1891 1061 1958 possu-
1126 1951 1128 1954 Ι
1170 1887 1179 1896 ·

8 1961 10 2036 ξ
53 1971 116 2018 mus
136 1957 309 2036 arbitrari,
328 1977 371 2022 ex
385 1967 459 2022 utra
477 1968 569 2046 parte
582 1965 643 2020 stet
656 1955 781 2022 veritas.
804 1955 973 2020 Nimirum
988 1980 1062 2022 rec—

9 2059 10 2086 1
53 2043 158 2110 tissime
178 2045 319 2111 Bornius
344 2057 463 2130 negat,
491 2043 719 2134 possessionem
735 2044 810 2132 jure
824 2044 977 2110 Romano
996 2069 1060 2112 esse

10 2217 11 2220 Ἴ
51 2129 135 2216 jusin
148 2157 194 2200 re.
211 2135 250 2217 ld
268 2133 378 2222 paullo
394 2135 487 2198 aliter
500 2131 675 2224 probamus
691 2154 791 2220 quam
804 2133 955 2200 Bornius.
970 2136 1061 2200 Nam

8 2261 9 2264 =
53 2227 90 2282 1⁰.
98 2223 244 2311 possessio
252 2245 321 2286 non
329 2222 546 2314 producitjus,
555 2221 672 2287 nisimo
681 2233 892 2286 mentaneum
900 2223 943 2304 ,⁴l.
961 2231 1013 2304 15,
1012 2224 1060 2314 ff

52 2307 86 2372 de
98 2310 230 2400 adquir.
242 2335 312 2376 rer.
322 2311 411 2374 dom.
421 2311 443 2375 l.
456 2316 490 2392 5,
493 2309 540 2398 ff
550 2311 717 2398 (busurp.
728 2311 751 2375 l.
764 2310 826 2376 att.
842 2310 878 2378 C.
892 2314 954 2400 qui
965 2313 1060 2404 legit.

47 2405 127 2480 pers.
141 2401 262 2465 standi
282 2399 319 2465 in
332 2399 416 2484 jud.
439 2399 559 2478 Idest,
574 2420 620 2482 en
634 2399 825 2488 possessione
841 2401 907 2466 sola
928 2403 1062 2470 nullum

8 2523 9 2533 κ
51 2487 122 2551 mibi
137 2489 282 2554 nascitur
291 2489 345 2575 jus
357 2487 588 2575 nisi-quamdiu
600 2486 755 2579 possideo.
770 2488 860 2555 Hinc
881 2490 908 2554 si
924 2493 995 2578 quis
1008 2495 1062 2578 jus

50 2595 134 2641 suum
147 2577 252 2666 judici
265 2576 481 2657 demonstrat,
507 2576 615 2640 statim
629 2577 819 2664 possessione
833 2579 989 2646 excedere
1002 2606 1063 2647 co-

51 2683 119 2746 gor,
142 2665 168 2731 si
184 2667 237 2732 vel
253 2665 398 2730 maxime
411 2665 536 2748 dicam,
556 2685 609 2728 me
631 2665 715 2729 bona
735 2665 798 2730 fide
819 2678 852 2730 et
866 2665 952 2752 justo
966 2670 1062 2736 titulo

49 2754 209 2836 possidere.
226 2753 335 2840 Atqui
344 2755 398 2842 jus
408 2755 443 2818 in
454 2777 488 2818 re
499 2775 568 2826 non
579 2765 625 2818 est
632 2753 685 2840 jus
698 2767 966 2822 momentaneum
977 2807 987 2838 ,
1006 2761 1062 2841 sed

49 2837 157 2908 durare
168 2843 265 2908 debet
275 2844 372 2908 etiam
387 2841 576 2930 possessione
588 2842 719 2922 amissa3
730 2842 807 2908 hinc
818 2866 850 2907 e.
864 2866 897 2930 g.
912 2861 1062 2936 surrepta

11 2991 12 2994 ,
49 2948 79 2992 re
97 2954 163 2996 non
184 2932 296 2996 desino
320 2929 471 3000 dominus
491 2931 622 2996 heresve
640 2952 704 2995 esse
717 2955 726 2994 t
738 2953 774 2996 re
793 2931 827 2996 ri
847 2947 1004 3020 occupata
1019 2937 1061 3001 ab

8 3041 9 3044 ¹
49 3017 105 3084 alio
121 3043 180 3086 nec
194 3022 248 3106 jus
262 3021 406 3110 pignoris
420 3017 480 3096 neo
493 3018 674 3100 servitutis,
700 3019 726 3084 si
744 3019 831 3106 qnod
857 3019 979 3103 habeo,
1002 3047 1072 3092 err-¹
1175 3081 1180 3098 ,
1223 3087 1225 3094 ,

47 3108 149 3196 spirat.
160 3110 252 3180 Hinc
268 3122 354 3174 recte
367 3109 618 3188 ratiocinamur,
630 3108 761 3192 nulium
769 3109 821 3194 jus
836 3109 871 3172 in
885 3133 921 3174 re
932 3123 978 3176 est
991 3135 1065 3180 mo·
1091 3121 1093 3125 ’

8 3201 10 3258 J
49 3209 255 3263 mentaneum
270 3199 300 3283 §.
317 3195 381 3264 555
396 3224 404 3260 r
419 3197 568 3286 possessio
580 3197 637 3263 dat
646 3199 700 3284 jus
719 3209 1004 3284 momentaneum,
1018 3207 1068 3272 uti
1144 3227 1145 3232 ¹

9 3309 10 3312 ¹
45 3279 108 3366 jam
135 3288 431 3352 demonstravimus
454 3313 462 3350 r
490 3308 569 3372 ergo
589 3283 739 3376 possessio
754 3308 821 3351 non
839 3298 885 3352 est
897 3289 951 3376 jus
968 3293 1003 3358 in
1017 3317 1065 3362 re,

8 3397 10 3404 ·
49 3383 91 3437 2⁹.
104 3375 197 3440 Idem
211 3375 389 3465 probamus
410 3397 453 3440 ex
472 3374 598 3440 effectu.
623 3378 732 3441 Omne
744 3375 797 3463 jus
815 3377 851 3440 iu
863 3400 898 3452 re
914 3383 1067 3468 producit
1219 3462 1223 3468 f

8 3487 9 3492 ¹
47 3463 205 3530 actionem
221 3469 256 3529 in
267 3487 338 3530 rem
350 3465 402 3530 vel
414 3465 553 3544 realem,
575 3464 812 3550 quoe‘adversus
824 3488 1067 3560 quemcumque
1113 3519 1116 3524 -

8 3551 9 3558 '
48 3555 261 3636 possidentem
275 3554 370 3618 datur
378 3603 387 3634 ,
400 3553 425 3620 l.
439 3559 483 3622 25
491 3604 501 3630 ,
508 3551 554 3642 ff.
568 3554 610 3617 de
624 3552 728 3639 obttg.
741 3566 773 3618 et
786 3567 851 3618 act.
867 3557 905 3640 ἕ.
919 3581 953 3638 r,
975 3563 1067 3629 [nat.

8 3655 9 3658 ’
49 3638 87 3702 de
100 3653 164 3706 art.
179 3642 269 3727 Quia
281 3642 370 3708 enim
381 3665 430 3706 res
441 3643 508 3732 ipsa
519 3641 600 3705 mibi
616 3641 764 3708 devincta
777 3655 822 3707 est
834 3665 875 3708 ex
887 3647 962 3732 jure
973 3651 1008 3731 in
1021 3677 1068 3737 re,

48 3747 163 3811 parum
175 3729 294 3812 refert,
307 3733 379 3818 quis
392 3732 483 3796 iilam
495 3729 622 3796 habeat.
638 3729 706 3795 Ubi
723 3751 796 3795 eam
808 3731 909 3818 igitur
920 3735 1069 3822 invenio,

8 3817 9 3822 ’
48 3813 90 3881 ibi
106 3820 264 3901 vindico,
289 3821 337 3884 uti
354 3821 394 3885 ad
410 3820 593 3908 superiores
609 3820 660 3906 ὃς.
678 3819 885 3886 ostendimus.
907 3823 1015 3913 Atqui
1030 3851 1073 3894 ex
1179 3831 1181 3838 ’

48 3910 238 4060 poppessione
253 3921 432 3976 nascuntur
441 3911 518 4003 jura
534 3909 735 4000 possessionis
744 3932 781 3976 ao
792 3908 965 3980 interdicta
979 3938 1078 3982 recu«

113 4013 180 4062 aas
206 4015 329 4066 aarum
876 4000 913 4076 Y
