2756 4504
23 311 25 336 l

23 407 26 422 ι

159 349 224 418 DE
238 353 344 420 RER.
359 349 459 424 DIV.
474 355 534 423 ET
549 355 699 444 ADQU.
715 354 823 421 EAR.
838 353 1006 422 DOMIN.
1040 351 1107 422 365

77 453 110 521 in
123 480 259 545 paenam
275 464 360 540 doli,
374 464 432 551 qui
445 465 482 530 in
495 487 533 530 co
547 477 608 547 est,
622 465 679 553 qui
693 467 780 530 mala
795 463 863 532 fide
873 477 905 530 et
918 465 1019 530 sciens
1030 486 1107 554 ptu-

23 571 24 576 ’
77 543 215 636 densque
229 551 336 620 alieno
351 555 419 618 solo
435 554 662 637 inaedificavit,
677 557 707 641 §.
724 558 791 636 30,
813 555 902 642 [nst.
922 557 954 620 t.
973 566 998 620 t.
1014 553 1038 618 l.
1055 573 1107 640 y,

76 634 105 736 §3
123 624 157 706 12⁵
167 638 236 730 ,ff
251 642 293 706 de
306 643 355 707 A.
371 643 417 709 lt.
434 644 481 709 Ι).
499 644 588 732 Quid
609 667 685 710 vero
695 694 705 728 ,
721 645 747 708 si
767 667 834 710 non
845 643 988 734 ,possidet
1003 639 1105 708 aedifi-

23 749 24 780 2
76 745 161 792 ctum
181 753 241 795 sua
264 733 399 797 materia
420 733 455 798 in
477 734 584 800 alieno
607 729 675 800 solo
696 735 929 800 exstructum?
954 733 1053 798 Tunc
1076 733 1107 800 ei

74 817 161 884 nulla
183 809 315 908 prodita
333 833 380 886 est
393 823 501 903 actio,
522 824 555 888 iu
570 835 641 889 toto
655 826 727 911 jure
744 825 920 902 Romano,
935 845 996 887 ceu
1018 831 1107 886 recte

62 905 155 982 ,vidit
180 910 340 974 Huberus.
355 912 392 976 in
414 913 521 979 Proet.
537 914 627 978 Inct.
651 916 681 1000 ς.
707 910 753 978 4ο
766 963 777 993 ,
804 914 838 978 h.
861 924 885 976 t.
913 913 977 978 Sed
997 922 1111 982 tamen

77 1015 178 1078 quum
190 999 432 1087 iniquissimum
445 1014 478 1067 et
490 1003 552 1067 hoc
567 1025 642 1070 casu
657 1013 803 1080 maneat,
816 1017 1016 1089 quemquam
1029 1019 1109 1064 cum
1127 1064 1130 1072 ,

76 1083 204 1151 alterius
218 1089 341 1154 damno
355 1089 426 1155 fieri
440 1091 703 1180 locupletiorem,
718 1093 835 1156 merito
849 1092 885 1156 in
902 1089 978 1155 foris
991 1087 1109 1154 nostris

80 1173 251 1244 aedificanti
267 1178 299 1243 b.
323 1177 346 1243 f.
368 1179 500 1244 dabitur
513 1182 597 1246 aetio
611 1180 785 1248 infactum
800 1181 840 1246 ad
851 1181 997 1270 pretium
1007 1188 1112 1244 mate·

77 1261 130 1328 riae
142 1267 423 1356 consequendum.
438 1269 531 1336 Hub.
545 1271 629 1336 idid.

114 1423 317 1488 Accessorium
330 1434 458 1508 sequitur
468 1431 665 1510 principale]
683 1431 753 1489 cod.
772 1434 854 1508 Nap.
872 1443 928 1487 art.
946 1428 1013 1489 566.
1029 1424 1111 1500 Quid

79 1520 176 1566 autem
189 1513 354 1588 principale
367 1553 375 1582 ,
395 1515 469 1590 qnid
481 1513 674 1571 accessorium
687 1514 791 1571 haberi
809 1513 914 1570 debeat
928 1552 936 1580 ,
956 1531 1019 1568 non
1029 1530 1064 1567 ex
1076 1529 1112 1565 eo

77 1588 320 1664 dijudicandum,
342 1596 415 1670 quid
427 1597 520 1672 magis
535 1607 589 1652 ant
601 1596 699 1652 miults
712 1595 877 1672 pretiosum
891 1592 927 1650 sit
941 1617 961 1662 ,·
972 1593 1023 1650 scd
1037 1591 1112 1666 quid

78 1671 196 1732 alterius
213 1675 259 1732 rei
275 1677 415 1734 ornandae
439 1678 528 1734 causd
548 1677 665 1734 accedat
686 1697 738 1734 sen
759 1677 955 1744 adhibeatur,
979 1687 1032 1730 aar.
1047 1671 1111 1750 56].

23 1815 24 1824 ¹
79 1751 121 1809 De
138 1775 201 1831 quo
218 1758 243 1814 si
260 1779 322 1815 non
340 1770 471 1831 constat,
485 1757 581 1831 major
592 1777 661 1832 pars
673 1759 762 1814 trahit
775 1759 814 1815 ad
830 1777 859 1814 se
875 1757 1043 1822 minorem,
1060 1763 1114 1810 aut

78 1837 236 2000 1)τὲἰοεέοτ
245 1840 343 1898 minus
349 1841 521 1916 pretiosam,
529 1853 584 1897 an.
595 1839 650 1899 568
659 1853 687 1897 et
694 1838 735 1899 56
730 1859 761 1919 9.
771 1839 869 1922 (Adde
879 1851 937 1896 not.
945 1840 988 1894 ad
998 1835 1044 1917 §§.
1054 1835 1114 1894 368

80 1929 108 1971 et
137 1919 182 1996 69
455 1941 458 1947 ·

117 2019 155 2071 In
164 2017 363 2090 oedficanone
376 2018 516 2094 quandam
527 2031 595 2074 sant
606 2019 776 2094 singularia.
787 2015 798 2094 ]
820 2018 893 2074 Jure
908 2027 1013 2074 nostro
1025 2027 1113 2070 omne

81 2097 164 2171 quod-
180 2097 376 2156 inaedificatur
396 2100 461 2155 solo
482 2098 574 2168 cedit,
588 2113 643 2156 art.
664 2097 726 2158 552.
742 2099 806 2155 Hoc
823 2098 949 2156 dubium
969 2113 1030 2153 non
1047 2107 1112 2164 est,

82 2178 131 2234 nbi
151 2178 183 2236 in.
207 2198 266 2236 sno
289 2181 375 2250 solo,
394 2180 461 2256 qitis
481 2201 517 2237 ex
541 2181 595 2238 sua
616 2182 746 2256 propria.
763 2181 886 2237 materie
905 2177 1111 2236 aedificaverit:

80 2260 162 2333 qnod
183 2277 300 2334 semper
316 2261 526 2336 praesumitur,
546 2259 600 2320 a'rt.
621 2261 689 2322 553.
715 2263 796 2334 Quid
815 2263 909 2332 vero,
930 2261 955 2319 si
974 2261 1115 2318 domiuus

79 2339 162 2398 lnndi
174 2361 217 2416 en
228 2342 322 2398 aliend
336 2344 458 2400 matorid
478 2343 630 2402 aedificavit
650 2345 682 2402 in
703 2365 758 2402 suo
780 2345 869 2402 solo?
887 2347 971 2402 Tunc
993 2341 1115 2418 quidem

80 2419 220 2496 dominus
236 2425 363 2502 materiae
378 2444 442 2482 eam
455 2426 486 2482 in
498 2427 592 2502 specie
607 2427 756 2504 vindicare
764 2445 826 2484 non
836 2438 935 2502 potest
948 2466 957 2494 ,
978 2425 1029 2482 sed
1046 2445 1116 2487 cou-

47 2569 50 2576 ,
80 2505 125 2560 tr'a
140 2503 299 2562 dominum
309 2505 395 2564 fundi
407 2505 467 2584 agit
482 2521 515 2570 ut
527 2509 582 2584 ipsi
593 2509 769 2567 indemnitas
779 2521 937 2586 praestetur
950 2549 959 2578 ,
973 2521 1027 2566 art.
1040 2503 1112 2566 554.

81 2585 161 2656 Quid
174 2587 264 2644 etiam
273 2587 310 2650 in
319 2590 472 2646 contrario
486 2609 571 2658 casu,
590 2590 621 2646 id
634 2603 696 2659 est,
716 2590 740 2646 si
758 2592 823 2667 quis
842 2592 873 2646 in
892 2591 988 2646 alieno
1001 2590 1067 2647 solo
1080 2607 1116 2644 ex
1231 2641 1235 2652 .

81 2667 134 2723 sud
146 2669 271 2726 material
289 2670 413 2726 domum
430 2671 637 2729 aedificaverit?
654 2672 719 2728 Hoc
739 2692 826 2740 casu,
841 2673 919 2729 illius
935 2669 969 2727 fit
988 2671 1114 2737 domus,

79 2748 167 2822 cujus
181 2763 212 2808 et
225 2753 323 2808 solum
335 2763 398 2808 est:
414 2753 464 2808 sed
482 2755 536 2828 qui
552 2773 587 2810 ex
607 2755 660 2810 sud
679 2755 802 2811 materia
815 2755 846 2810 in
858 2755 955 2810 alieno
974 2753 1038 2808 solo
1055 2751 1127 2816 ali·¹
1192 2749 1196 2760 '

23 2885 25 2890 .
84 2831 157 2903 quid
169 2833 321 2902 extruxit,
341 2833 489 2908 impensas
502 2835 520 2890 a
532 2836 586 2891 soli
602 2835 723 2894 domino
744 2853 918 2911 recuperare
931 2827 1049 2910 potest,
1067 2850 1121 2916 ‚se-¹
1182 2869 1184 2878 ,

84 2914 215 2974 cundum
229 2913 430 2973 distinctiones
441 2917 609 2992 propositas
620 2919 651 2974 in
664 2931 719 2974 art.
734 2915 799 2977 555.

255 3067 287 3152 §.
310 3065 603 3134 CCCLXVIII
624 3079 659 3146 et
678 3068 942 3134 CCCLXIX.
994 3119 996 3126 .

128 3224 246 3292 Altera
268 3226 389 3316 species
409 3224 606 3292 industrialis
628 3228 814 3294 accessionis
835 3239 880 3293 est
898 3222 1117 3316 specificatio.

84 3314 115 3398 §.
131 3319 217 3395 361,
263 3331 313 3380 ute
336 3327 382 3381 est
393 3366 403 3400 2
426 3338 537 3404 quum
553 3316 624 3404 quis
646 3340 689 3382 ex
716 3319 821 3384 aliena
837 3317 974 3384 materia
993 3337 1117 3388 novam
1145 3353 1146 3360 κ

85 3406 225 3490 speciem
239 3340 340 3486 lacit,
363 3429 391 3470 e.
411 3427 443 3493 g.
466 3429 507 3472 ex
527 3408 633 3472 alieno
654 3429 735 3476 auro
755 3409 939 3490 annulum,
954 3429 997 3474 ex
1011 3406 1116 3472 alieno

86 3507 220 3579 argento
244 3495 423 3584 poculum,
446 3518 488 3560 ex
512 3496 617 3562 alieno
642 3520 753 3586 panno
778 3511 910 3563 vestem.
940 3497 1117 3567 Sciendum

86 3593 195 3648 autem
209 3634 219 3665 ,
235 3584 357 3672 aliquid
373 3587 449 3651 novi
464 3587 615 3654 accedere
629 3587 761 3667 debere,
775 3589 802 3654 si
814 3587 1011 3678 specificatio
1027 3609 1120 3650 accc*

85 3669 159 3737 dere
175 3674 298 3740 debeat.
321 3676 360 3738 E.
377 3697 409 3762 g.
430 3677 569 3741 annulus
588 3689 682 3742 autea
697 3701 765 3744 nou
780 3673 911 3759 aderat,
929 3701 989 3742 nec
1011 3697 1118 3764 pocu-

80 3756 177 3843 lum,
193 3787 253 3830 nec
269 3764 379 3845 vestis,
395 3787 473 3852 ergo
488 3787 574 3832 nova
589 3767 686 3855 plane
699 3765 806 3833 forma
819 3767 988 3834 inducitur
1003 3765 1041 3828 in
1054 3765 1118 3827 lias
1169 3815 1174 3842 ,
1219 3783 1221 3786 ·

85 3854 245 3924 materias
269 3854 305 3920 Si
319 3876 397 3942 ergo
411 3853 517 3922 forma
535 3856 606 3942 jam
625 3856 728 3938 adsit,
751 3879 820 3922 non
841 3869 888 3923 est
908 3853 1115 3944 specificatio.
1195 3866 1207 3920 1·
1213 3891 1214 3894 ¹

82 3932 125 4004 E·
138 3960 171 4027 g·
188 3945 215 4012 si
233 3943 305 4037 quis
317 3967 361 4013 ex
379 3945 491 4052 alienis
507 3945 603 4038 spicis
624 3944 832 4016 frumentum
852 3946 1001 4014 excutiat
1012 3992 1028 4026 2
1046 3965 1115 4007 aon
