<?xml version="1.0" encoding="UTF-8"?>
<!DOCTYPE html PUBLIC "-//W3C//DTD XHTML 1.0 Transitional//EN"
    "http://www.w3.org/TR/xhtml1/DTD/xhtml1-transitional.dtd">
<html xmlns="http://www.w3.org/1999/xhtml" xml:lang="en" lang="en">
 <head>
  <title>
</title>
<meta http-equiv="Content-Type" content="text/html;charset=utf-8" />
  <meta name='ocr-system' content='tesseract 3.04.00' />
  <meta name='ocr-capabilities' content='ocr_page ocr_carea ocr_par ocr_line ocrx_word'/>
</head>
<body>
  <div class='ocr_page' id='page_1' title='image "./recitationesine00heingoog_0247.png"; bbox 0 0 2644 4504; ppageno 0'>
   <div class='ocr_carea' id='block_1_1' title="bbox 160 337 982 422">
    <p class='ocr_par' dir='ltr' id='par_1_1' title="bbox 160 337 982 422">
     <span class='ocr_line' id='line_1_1' title="bbox 160 337 982 422; baseline -0.013 -10"><span class='ocrx_word' id='word_1_1' title='bbox 160 339 226 412; x_wconf 74' lang='lat'><strong>340</strong></span> <span class='ocrx_word' id='word_1_2' title='bbox 445 340 618 410; x_wconf 74' lang='lat' dir='ltr'><strong>traua</strong></span> <span class='ocrx_word' id='word_1_3' title='bbox 639 339 699 422; x_wconf 89' lang='lat'><strong>11,</strong></span> <span class='ocrx_word' id='word_1_4' title='bbox 726 337 836 406; x_wconf 78' lang='lat' dir='ltr'><strong>rm.</strong></span> <span class='ocrx_word' id='word_1_5' title='bbox 864 337 893 404; x_wconf 83' lang='lat' dir='ltr'><strong>r.</strong></span> <span class='ocrx_word' id='word_1_6' title='bbox 978 357 982 362; x_wconf 87' lang='lat'><em>-</em></span> 
     </span>
    </p>
   </div>
   <div class='ocr_carea' id='block_1_2' title="bbox 69 438 1277 3910">
    <p class='ocr_par' dir='ltr' id='par_1_2' title="bbox 158 438 1277 962">
     <span class='ocr_line' id='line_1_2' title="bbox 158 438 1184 518; baseline -0.014 0"><span class='ocrx_word' id='word_1_7' title='bbox 158 449 310 518; x_wconf 89' lang='lat' dir='ltr'><strong>omnibus</strong></span> <span class='ocrx_word' id='word_1_8' title='bbox 335 449 535 516; x_wconf 89' lang='lat' dir='ltr'><strong>hominibus.</strong></span> <span class='ocrx_word' id='word_1_9' title='bbox 565 448 653 513; x_wconf 88' lang='lat' dir='ltr'><strong>Illud</strong></span> <span class='ocrx_word' id='word_1_10' title='bbox 676 460 805 512; x_wconf 87' lang='lat' dir='ltr'><strong>tautum</strong></span> <span class='ocrx_word' id='word_1_11' title='bbox 825 443 1013 518; x_wconf 77' lang='lat' dir='ltr'>consistebat</span> <span class='ocrx_word' id='word_1_12' title='bbox 1032 441 1069 510; x_wconf 87' lang='lat' dir='ltr'><strong>iu</strong></span> <span class='ocrx_word' id='word_1_13' title='bbox 1085 438 1184 507; x_wconf 82' lang='lat' dir='ltr'><strong>rebus</strong></span> 
     </span>
     <span class='ocr_line' id='line_1_3' title="bbox 160 535 1181 628; baseline -0.011 -22"><span class='ocrx_word' id='word_1_14' title='bbox 160 540 330 628; x_wconf 79' lang='lat' dir='ltr'><em>mancipi,</em></span> <span class='ocrx_word' id='word_1_15' title='bbox 343 540 384 603; x_wconf 91' lang='lat' dir='ltr'><strong>de</strong></span> <span class='ocrx_word' id='word_1_16' title='bbox 396 537 512 624; x_wconf 90' lang='lat' dir='ltr'><strong>quibus</strong></span> <span class='ocrx_word' id='word_1_17' title='bbox 524 537 554 622; x_wconf 59' lang='grc' dir='ltr'><strong>ς.</strong></span> <span class='ocrx_word' id='word_1_18' title='bbox 572 539 651 618; x_wconf 79' lang='grc'>550,</span> <span class='ocrx_word' id='word_1_19' title='bbox 670 539 731 603; x_wconf 88' lang='lat' dir='ltr'><strong>hoo</strong></span> <span class='ocrx_word' id='word_1_20' title='bbox 744 537 780 601; x_wconf 89' lang='lat' dir='ltr'><strong>in</strong></span> <span class='ocrx_word' id='word_1_21' title='bbox 792 536 888 604; x_wconf 88' lang='lat' dir='ltr'><strong>rebus</strong></span> <span class='ocrx_word' id='word_1_22' title='bbox 897 535 994 600; x_wconf 84' lang='lat' dir='ltr'><strong>etiarn</strong></span> <span class='ocrx_word' id='word_1_23' title='bbox 1006 554 1181 599; x_wconf 84' lang='lat' dir='ltr'><strong>neo-man-</strong></span> 
     </span>
     <span class='ocr_line' id='line_1_4' title="bbox 160 618 1186 780; baseline -0.012 -86"><span class='ocrx_word' id='word_1_24' title='bbox 160 630 240 716; x_wconf 84' lang='lat' dir='ltr'><strong>cipi.</strong></span> <span class='ocrx_word' id='word_1_25' title='bbox 256 629 309 693; x_wconf 88' lang='lat' dir='ltr'><strong>Sio</strong></span> <span class='ocrx_word' id='word_1_26' title='bbox 325 650 353 692; x_wconf 92' lang='lat' dir='ltr'><strong>e.</strong></span> <span class='ocrx_word' id='word_1_27' title='bbox 361 649 398 780; x_wconf 55' lang='lat' dir='ltr'><strong>lg.</strong></span> <span class='ocrx_word' id='word_1_28' title='bbox 410 625 531 690; x_wconf 87' lang='lat' dir='ltr'><strong>fundus</strong></span> <span class='ocrx_word' id='word_1_29' title='bbox 545 625 675 692; x_wconf 83' lang='lat' dir='ltr'><strong>Italicus</strong></span> <span class='ocrx_word' id='word_1_30' title='bbox 686 637 812 714; x_wconf 82' lang='lat' dir='ltr'><strong>poterat</strong></span> <span class='ocrx_word' id='word_1_31' title='bbox 823 647 887 690; x_wconf 86' lang='lat' dir='ltr'><strong>esse</strong></span> <span class='ocrx_word' id='word_1_32' title='bbox 899 623 934 689; x_wconf 93' lang='lat' dir='ltr'><strong>in</strong></span> <span class='ocrx_word' id='word_1_33' title='bbox 942 622 1087 688; x_wconf 90' lang='lat' dir='ltr'><strong>dominio</strong></span> <span class='ocrx_word' id='word_1_34' title='bbox 1099 618 1186 704; x_wconf 88' lang='lat' dir='ltr'><strong>Qui·</strong></span> 
     </span>
     <span class='ocr_line' id='line_1_5' title="bbox 159 712 1184 803; baseline -0.013 -20"><span class='ocrx_word' id='word_1_35' title='bbox 159 719 291 798; x_wconf 86' lang='lat' dir='ltr'><strong>ritario,</strong></span> <span class='ocrx_word' id='word_1_36' title='bbox 309 729 341 781; x_wconf 89' lang='lat' dir='ltr'><strong>et</strong></span> <span class='ocrx_word' id='word_1_37' title='bbox 376 715 480 780; x_wconf 89' lang='lat' dir='ltr'><strong>undus</strong></span> <span class='ocrx_word' id='word_1_38' title='bbox 505 715 711 803; x_wconf 86' lang='lat' dir='ltr'><strong>provincialis</strong></span> <span class='ocrx_word' id='word_1_39' title='bbox 733 725 863 780; x_wconf 82' lang='lat' dir='ltr'><strong>tantum</strong></span> <span class='ocrx_word' id='word_1_40' title='bbox 881 714 917 780; x_wconf 89' lang='lat' dir='ltr'><strong>in</strong></span> <span class='ocrx_word' id='word_1_41' title='bbox 938 712 1029 776; x_wconf 90' lang='lat' dir='ltr'><strong>bonis</strong></span> <span class='ocrx_word' id='word_1_42' title='bbox 1048 719 1135 789; x_wconf 87' lang='lat' dir='ltr'><strong>erat,</strong></span> <span class='ocrx_word' id='word_1_43' title='bbox 1149 717 1184 771; x_wconf 85' lang='lat' dir='ltr'><strong>et</strong></span> 
     </span>
     <span class='ocr_line' id='line_1_6' title="bbox 161 802 1277 894; baseline -0.009 -23"><span class='ocrx_word' id='word_1_44' title='bbox 161 805 241 871; x_wconf 89' lang='lat' dir='ltr'><strong>hinc</strong></span> <span class='ocrx_word' id='word_1_45' title='bbox 264 827 324 870; x_wconf 89' lang='lat' dir='ltr'><strong>nec</strong></span> <span class='ocrx_word' id='word_1_46' title='bbox 345 804 479 894; x_wconf 84' lang='lat' dir='ltr'><strong>usucapi</strong></span> <span class='ocrx_word' id='word_1_47' title='bbox 500 815 636 892; x_wconf 85' lang='lat' dir='ltr'><strong>poterat.</strong></span> <span class='ocrx_word' id='word_1_48' title='bbox 660 804 741 872; x_wconf 86' lang='lat' dir='ltr'><strong>Vid.</strong></span> <span class='ocrx_word' id='word_1_49' title='bbox 758 803 955 890; x_wconf 72' lang='lat' dir='ltr'><strong>pr01notit.</strong></span> <span class='ocrx_word' id='word_1_50' title='bbox 979 802 1020 866; x_wconf 82' lang='lat' dir='ltr'><strong>de</strong></span> <span class='ocrx_word' id='word_1_51' title='bbox 1041 818 1184 882; x_wconf 82' lang='lat' dir='ltr'><strong>usucap.</strong></span> <span class='ocrx_word' id='word_1_52' title='bbox 1226 825 1227 828; x_wconf 41' lang='lat'>¹</span> <span class='ocrx_word' id='word_1_53' title='bbox 1272 851 1277 854; x_wconf 96' lang='lat'>.</span> 
     </span>
     <span class='ocr_line' id='line_1_7' title="bbox 162 887 1183 962; baseline -0.009 -3"><span class='ocrx_word' id='word_1_54' title='bbox 162 894 226 959; x_wconf 88' lang='lat' dir='ltr'><strong>Sed</strong></span> <span class='ocrx_word' id='word_1_55' title='bbox 238 895 324 960; x_wconf 88' lang='lat' dir='ltr'><strong>hanc</strong></span> <span class='ocrx_word' id='word_1_56' title='bbox 337 892 525 962; x_wconf 83' lang='lat' dir='ltr'><strong>divisionem</strong></span> <span class='ocrx_word' id='word_1_57' title='bbox 535 891 662 956; x_wconf 85' lang='lat' dir='ltr'><strong>sustulit</strong></span> <span class='ocrx_word' id='word_1_58' title='bbox 676 891 874 962; x_wconf 81' lang='lat' dir='ltr'><strong>lastinianus</strong></span> <span class='ocrx_word' id='word_1_59' title='bbox 888 890 1012 956; x_wconf 86' lang='lat' dir='ltr'><strong>duabus</strong></span> <span class='ocrx_word' id='word_1_60' title='bbox 1024 887 1183 954; x_wconf 85' lang='lat' dir='ltr'><strong>constitu-</strong></span> 
     </span>
    </p>

    <p class='ocr_par' dir='ltr' id='par_1_3' title="bbox 161 977 1184 1070">
     <span class='ocr_line' id='line_1_8' title="bbox 161 977 1184 1070; baseline -0.01 -23"><span class='ocrx_word' id='word_1_61' title='bbox 161 983 323 1064; x_wconf 75' lang='lat' dir='ltr'><strong>tionibus,</strong></span> <span class='ocrx_word' id='word_1_62' title='bbox 338 1003 456 1070; x_wconf 85' lang='lat' dir='ltr'>nempe</span> <span class='ocrx_word' id='word_1_63' title='bbox 471 981 493 1044; x_wconf 86' lang='lat' dir='ltr'><strong>l.</strong></span> <span class='ocrx_word' id='word_1_64' title='bbox 509 1003 568 1044; x_wconf 84' lang='lat' dir='ltr'><strong>un.</strong></span> <span class='ocrx_word' id='word_1_65' title='bbox 583 979 620 1045; x_wconf 82' lang='lat' dir='ltr'><strong>C.</strong></span> <span class='ocrx_word' id='word_1_66' title='bbox 634 979 676 1045; x_wconf 84' lang='lat' dir='ltr'><strong>de</strong></span> <span class='ocrx_word' id='word_1_67' title='bbox 688 982 835 1068; x_wconf 68' lang='lat' dir='ltr'><strong>oenjur.</strong></span> <span class='ocrx_word' id='word_1_68' title='bbox 851 978 948 1064; x_wconf 84' lang='lat' dir='ltr'><strong>Quir.</strong></span> <span class='ocrx_word' id='word_1_69' title='bbox 962 980 1032 1044; x_wconf 83' lang='lat' dir='ltr'><strong>toll.</strong></span> <span class='ocrx_word' id='word_1_70' title='bbox 1045 977 1110 1044; x_wconf 85' lang='lat' dir='ltr'><strong>etl.</strong></span> <span class='ocrx_word' id='word_1_71' title='bbox 1121 998 1184 1040; x_wconf 83' lang='lat' dir='ltr'><strong>un.</strong></span> 
     </span>
    </p>

    <p class='ocr_par' dir='ltr' id='par_1_4' title="bbox 165 1068 1180 1158">
     <span class='ocr_line' id='line_1_9' title="bbox 165 1068 1180 1158; baseline -0.01 -20"><span class='ocrx_word' id='word_1_72' title='bbox 165 1072 203 1138; x_wconf 83' lang='grc'><strong>0.</strong></span> <span class='ocrx_word' id='word_1_73' title='bbox 219 1072 259 1137; x_wconf 85' lang='lat' dir='ltr'><strong>de</strong></span> <span class='ocrx_word' id='word_1_74' title='bbox 274 1094 415 1158; x_wconf 84' lang='lat' dir='ltr'><strong>usucap.</strong></span> <span class='ocrx_word' id='word_1_75' title='bbox 433 1068 658 1156; x_wconf 60' lang='lat' dir='ltr'><strong>tranffmnd.</strong></span> <span class='ocrx_word' id='word_1_76' title='bbox 676 1081 710 1134; x_wconf 85' lang='lat' dir='ltr'><strong>et</strong></span> <span class='ocrx_word' id='word_1_77' title='bbox 724 1069 848 1134; x_wconf 72' lang='lat' dir='ltr'><strong>subur.</strong></span> <span class='ocrx_word' id='word_1_78' title='bbox 863 1069 972 1158; x_wconf 81' lang='lat' dir='ltr'><strong>differ.</strong></span> <span class='ocrx_word' id='word_1_79' title='bbox 986 1091 1052 1133; x_wconf 84' lang='lat' dir='ltr'><strong>rer.</strong></span> <span class='ocrx_word' id='word_1_80' title='bbox 1066 1087 1180 1132; x_wconf 82' lang='lat' dir='ltr'><strong>mono.</strong></span> 
     </span>
    </p>

    <p class='ocr_par' dir='ltr' id='par_1_5' title="bbox 160 1155 1187 1325">
     <span class='ocr_line' id='line_1_10' title="bbox 160 1155 1187 1248; baseline -0.01 -22"><span class='ocrx_word' id='word_1_81' title='bbox 160 1173 195 1233; x_wconf 76' lang='lat' dir='ltr'><strong>et</strong></span> <span class='ocrx_word' id='word_1_82' title='bbox 208 1185 267 1226; x_wconf 82' lang='lat' dir='ltr'><strong>nec</strong></span> <span class='ocrx_word' id='word_1_83' title='bbox 282 1183 327 1226; x_wconf 76' lang='lat' dir='ltr'><strong>m,</strong></span> <span class='ocrx_word' id='word_1_84' title='bbox 339 1159 397 1224; x_wconf 91' lang='lat' dir='ltr'><strong>ubi</strong></span> <span class='ocrx_word' id='word_1_85' title='bbox 407 1181 485 1222; x_wconf 87' lang='lat' dir='ltr'><strong>cum</strong></span> <span class='ocrx_word' id='word_1_86' title='bbox 497 1155 607 1222; x_wconf 85' lang='lat' dir='ltr'><strong>fructu</strong></span> <span class='ocrx_word' id='word_1_87' title='bbox 617 1158 691 1224; x_wconf 90' lang='lat' dir='ltr'><strong>addi</strong></span> <span class='ocrx_word' id='word_1_88' title='bbox 703 1169 817 1248; x_wconf 85' lang='lat' dir='ltr'><strong>potest.</strong></span> <span class='ocrx_word' id='word_1_89' title='bbox 830 1157 980 1248; x_wconf 89' lang='lat' dir='ltr'><strong>Cujaoius</strong></span> <span class='ocrx_word' id='word_1_90' title='bbox 990 1157 1027 1224; x_wconf 86' lang='lat' dir='ltr'><strong>in</strong></span> <span class='ocrx_word' id='word_1_91' title='bbox 1027 1155 1187 1248; x_wconf 81' lang='lat' dir='ltr'><strong>pcrratit-¹</strong></span> 
     </span>
     <span class='ocr_line' id='line_1_11' title="bbox 165 1247 499 1325; baseline -0.012 -10"><span class='ocrx_word' id='word_1_92' title='bbox 165 1249 209 1325; x_wconf 73' lang='lat' dir='ltr'><strong>lio</strong></span> <span class='ocrx_word' id='word_1_93' title='bbox 223 1248 272 1314; x_wconf 82' lang='lat' dir='ltr'><strong>od</strong></span> <span class='ocrx_word' id='word_1_94' title='bbox 283 1250 316 1314; x_wconf 83' lang='grc' dir='ltr'><strong>Ιι.</strong></span> <span class='ocrx_word' id='word_1_95' title='bbox 332 1260 355 1313; x_wconf 80' lang='lat' dir='ltr'><strong>t.</strong></span> <span class='ocrx_word' id='word_1_96' title='bbox 368 1247 499 1312; x_wconf 80' lang='lat' dir='ltr'><strong>codicia.</strong></span> 
     </span>
    </p>

    <p class='ocr_par' dir='ltr' id='par_1_6' title="bbox 69 1333 1208 3910">
     <span class='ocr_line' id='line_1_12' title="bbox 179 1333 1190 1422; baseline -0.004 -22"><span class='ocrx_word' id='word_1_97' title='bbox 179 1375 182 1378; x_wconf 96' lang='lat'>-</span> <span class='ocrx_word' id='word_1_98' title='bbox 210 1348 258 1400; x_wconf 82' lang='lat'><strong>2⁰.</strong></span> <span class='ocrx_word' id='word_1_99' title='bbox 280 1337 446 1403; x_wconf 77' lang='lat' dir='ltr'><strong>Dividitur</strong></span> <span class='ocrx_word' id='word_1_100' title='bbox 460 1337 495 1400; x_wconf 92' lang='lat' dir='ltr'><strong>in</strong></span> <span class='ocrx_word' id='word_1_101' title='bbox 506 1335 648 1422; x_wconf 83' lang='lat' dir='ltr'><strong>plenum</strong></span> <span class='ocrx_word' id='word_1_102' title='bbox 667 1344 699 1400; x_wconf 89' lang='lat' dir='ltr'><strong>et</strong></span> <span class='ocrx_word' id='word_1_103' title='bbox 721 1337 837 1400; x_wconf 84' lang='lat' dir='ltr'><strong>minus</strong></span> <span class='ocrx_word' id='word_1_104' title='bbox 852 1334 1008 1422; x_wconf 80' lang='lat' dir='ltr'><strong>plenum.</strong></span> <span class='ocrx_word' id='word_1_105' title='bbox 1031 1333 1190 1402; x_wconf 81' lang='lat' dir='ltr'><strong>Plenum</strong></span> 
     </span>
     <span class='ocr_line' id='line_1_13' title="bbox 163 1422 1188 1514; baseline -0.002 -24"><span class='ocrx_word' id='word_1_106' title='bbox 163 1436 229 1505; x_wconf 61' lang='lat' dir='ltr'><strong>ests</strong></span> <span class='ocrx_word' id='word_1_107' title='bbox 239 1425 296 1490; x_wconf 93' lang='lat' dir='ltr'><strong>ubi</strong></span> <span class='ocrx_word' id='word_1_108' title='bbox 306 1438 338 1490; x_wconf 86' lang='lat' dir='ltr'><strong>et</strong></span> <span class='ocrx_word' id='word_1_109' title='bbox 350 1424 540 1514; x_wconf 90' lang='lat' dir='ltr'><strong>disponendi</strong></span> <span class='ocrx_word' id='word_1_110' title='bbox 552 1422 685 1488; x_wconf 81' lang='lat' dir='ltr'><strong>facultas</strong></span> <span class='ocrx_word' id='word_1_111' title='bbox 696 1435 727 1489; x_wconf 89' lang='lat' dir='ltr'><strong>et</strong></span> <span class='ocrx_word' id='word_1_112' title='bbox 732 1425 790 1512; x_wconf 69' lang='lat' dir='ltr'><strong>‘jus</strong></span> <span class='ocrx_word' id='word_1_113' title='bbox 800 1424 912 1488; x_wconf 89' lang='lat' dir='ltr'><strong>utendi</strong></span> <span class='ocrx_word' id='word_1_114' title='bbox 922 1423 958 1488; x_wconf 92' lang='lat' dir='ltr'><strong>in</strong></span> <span class='ocrx_word' id='word_1_115' title='bbox 968 1445 1034 1488; x_wconf 87' lang='lat' dir='ltr'><strong>una</strong></span> <span class='ocrx_word' id='word_1_116' title='bbox 1048 1443 1188 1512; x_wconf 79' lang='lat' dir='ltr'><strong>persona</strong></span> 
     </span>
     <span class='ocr_line' id='line_1_14' title="bbox 164 1509 1189 1601; baseline -0.004 -23"><span class='ocrx_word' id='word_1_117' title='bbox 164 1514 426 1601; x_wconf 85' lang='lat' dir='ltr'><strong>conjunguntur:</strong></span> <span class='ocrx_word' id='word_1_118' title='bbox 442 1514 557 1577; x_wconf 84' lang='lat' dir='ltr'><strong>minus</strong></span> <span class='ocrx_word' id='word_1_119' title='bbox 569 1513 712 1600; x_wconf 84' lang='lat' dir='ltr'><strong>plenum</strong></span> <span class='ocrx_word' id='word_1_120' title='bbox 720 1561 732 1592; x_wconf 93' lang='lat'><strong>,</strong></span> <span class='ocrx_word' id='word_1_121' title='bbox 748 1512 805 1578; x_wconf 91' lang='lat' dir='ltr'><strong>ubi</strong></span> <span class='ocrx_word' id='word_1_122' title='bbox 822 1512 888 1578; x_wconf 90' lang='lat' dir='ltr'><strong>duo</strong></span> <span class='ocrx_word' id='word_1_123' title='bbox 907 1513 976 1578; x_wconf 82' lang='lat' dir='ltr'><strong>haec</strong></span> <span class='ocrx_word' id='word_1_124' title='bbox 993 1514 1068 1601; x_wconf 89' lang='lat' dir='ltr'><strong>jura</strong></span> <span class='ocrx_word' id='word_1_125' title='bbox 1085 1509 1189 1577; x_wconf 80' lang='lat' dir='ltr'><strong>divisa</strong></span> 
     </span>
     <span class='ocr_line' id='line_1_15' title="bbox 77 1600 1191 1690; baseline -0.001 -23"><span class='ocrx_word' id='word_1_126' title='bbox 77 1679 81 1686; x_wconf 21' lang='grc' dir='ltr'>ι</span> <span class='ocrx_word' id='word_1_127' title='bbox 159 1615 197 1667; x_wconf 88' lang='lat' dir='ltr'><strong>¹et</strong></span> <span class='ocrx_word' id='word_1_128' title='bbox 218 1601 460 1690; x_wconf 85' lang='lat' dir='ltr'><strong>quodammodo</strong></span> <span class='ocrx_word' id='word_1_129' title='bbox 482 1613 627 1690; x_wconf 82' lang='lat' dir='ltr'><strong>separata</strong></span> <span class='ocrx_word' id='word_1_130' title='bbox 650 1613 735 1665; x_wconf 84' lang='lat' dir='ltr'><strong>sunt.</strong></span> <span class='ocrx_word' id='word_1_131' title='bbox 758 1602 797 1665; x_wconf 89' lang='lat' dir='ltr'><strong>E.</strong></span> <span class='ocrx_word' id='word_1_132' title='bbox 821 1623 853 1687; x_wconf 83' lang='lat' dir='ltr'><strong>g.</strong></span> <span class='ocrx_word' id='word_1_133' title='bbox 876 1601 912 1666; x_wconf 88' lang='lat' dir='ltr'><strong>in</strong></span> <span class='ocrx_word' id='word_1_134' title='bbox 933 1600 1028 1666; x_wconf 83' lang='lat' dir='ltr'><strong>feudo</strong></span> <span class='ocrx_word' id='word_1_135' title='bbox 1050 1601 1191 1668; x_wconf 79' lang='lat' dir='ltr'><strong>vasallus</strong></span> 
     </span>
     <span class='ocr_line' id='line_1_16' title="bbox 164 1689 1190 1780; baseline -0.006 -22"><span class='ocrx_word' id='word_1_136' title='bbox 164 1691 262 1758; x_wconf 86' lang='lat' dir='ltr'><strong>habet</strong></span> <span class='ocrx_word' id='word_1_137' title='bbox 276 1693 329 1779; x_wconf 87' lang='lat' dir='ltr'><strong>jus</strong></span> <span class='ocrx_word' id='word_1_138' title='bbox 346 1712 479 1756; x_wconf 88' lang='lat' dir='ltr'><strong>omnem</strong></span> <span class='ocrx_word' id='word_1_139' title='bbox 497 1689 699 1780; x_wconf 84' lang='lat' dir='ltr'><strong>percipiendi.</strong></span> <span class='ocrx_word' id='word_1_140' title='bbox 708 1689 880 1768; x_wconf 80' lang='lat' dir='ltr'><strong>utilitatem</strong></span> <span class='ocrx_word' id='word_1_141' title='bbox 893 1739 903 1770; x_wconf 90' lang='lat'><strong>,</strong></span> <span class='ocrx_word' id='word_1_142' title='bbox 916 1691 968 1756; x_wconf 89' lang='lat' dir='ltr'><strong>sed</strong></span> <span class='ocrx_word' id='word_1_143' title='bbox 982 1711 1050 1756; x_wconf 90' lang='lat' dir='ltr'><strong>non</strong></span> <span class='ocrx_word' id='word_1_144' title='bbox 1057 1691 1111 1778; x_wconf 82' lang='lat' dir='ltr'><strong>jus</strong></span> <span class='ocrx_word' id='word_1_145' title='bbox 1122 1689 1190 1753; x_wconf 87' lang='lat' dir='ltr'><strong>dis-</strong></span> 
     </span>
     <span class='ocr_line' id='line_1_17' title="bbox 166 1777 1191 1871; baseline -0.003 -26"><span class='ocrx_word' id='word_1_146' title='bbox 166 1781 310 1871; x_wconf 74' lang='lat' dir='ltr'><strong>ponendi</strong></span> <span class='ocrx_word' id='word_1_147' title='bbox 329 1779 369 1844; x_wconf 91' lang='lat' dir='ltr'><strong>de</strong></span> <span class='ocrx_word' id='word_1_148' title='bbox 384 1777 503 1860; x_wconf 88' lang='lat' dir='ltr'><strong>feudo,</strong></span> <span class='ocrx_word' id='word_1_149' title='bbox 524 1779 579 1843; x_wconf 91' lang='lat' dir='ltr'><strong>sed</strong></span> <span class='ocrx_word' id='word_1_150' title='bbox 592 1779 673 1842; x_wconf 92' lang='lat' dir='ltr'><strong>illud</strong></span> <span class='ocrx_word' id='word_1_151' title='bbox 693 1779 776 1845; x_wconf 85' lang='lat' dir='ltr'><strong>inter</strong></span> <span class='ocrx_word' id='word_1_152' title='bbox 792 1779 964 1844; x_wconf 90' lang='lat' dir='ltr'><strong>dominum</strong></span> <span class='ocrx_word' id='word_1_153' title='bbox 981 1789 1013 1845; x_wconf 90' lang='lat' dir='ltr'><strong>et</strong></span> <span class='ocrx_word' id='word_1_154' title='bbox 1029 1777 1191 1845; x_wconf 84' lang='lat' dir='ltr'><strong>vasallum</strong></span> 
     </span>
     <span class='ocr_line' id='line_1_18' title="bbox 167 1866 1194 1956; baseline -0.004 -20"><span class='ocrx_word' id='word_1_155' title='bbox 167 1867 309 1936; x_wconf 87' lang='lat' dir='ltr'><strong>divisum</strong></span> <span class='ocrx_word' id='word_1_156' title='bbox 328 1879 393 1950; x_wconf 83' lang='lat' dir='ltr'><strong>est,</strong></span> <span class='ocrx_word' id='word_1_157' title='bbox 416 1867 462 1932; x_wconf 91' lang='lat' dir='ltr'><strong>ita</strong></span> <span class='ocrx_word' id='word_1_158' title='bbox 479 1879 516 1932; x_wconf 90' lang='lat' dir='ltr'><strong>ut</strong></span> <span class='ocrx_word' id='word_1_159' title='bbox 534 1867 587 1931; x_wconf 90' lang='lat' dir='ltr'><strong>hic</strong></span> <span class='ocrx_word' id='word_1_160' title='bbox 605 1889 665 1932; x_wconf 90' lang='lat' dir='ltr'><strong>neo</strong></span> <span class='ocrx_word' id='word_1_161' title='bbox 687 1867 826 1933; x_wconf 88' lang='lat' dir='ltr'><strong>alienare</strong></span> <span class='ocrx_word' id='word_1_162' title='bbox 844 1868 942 1956; x_wconf 89' lang='lat' dir='ltr'><strong>possit</strong></span> <span class='ocrx_word' id='word_1_163' title='bbox 954 1866 1110 1946; x_wconf 88' lang='lat' dir='ltr'><strong>feudum,</strong></span> <span class='ocrx_word' id='word_1_164' title='bbox 1128 1887 1194 1932; x_wconf 81' lang='lat' dir='ltr'><strong>nee</strong></span> 
     </span>
     <span class='ocr_line' id='line_1_19' title="bbox 167 1955 1193 2048; baseline -0.006 -24"><span class='ocrx_word' id='word_1_165' title='bbox 167 1959 386 2048; x_wconf 83' lang='lat' dir='ltr'><strong>oppignorare</strong></span> <span class='ocrx_word' id='word_1_166' title='bbox 399 1955 466 2020; x_wconf 90' lang='lat' dir='ltr'><strong>sine</strong></span> <span class='ocrx_word' id='word_1_167' title='bbox 481 1977 636 2020; x_wconf 82' lang='lat' dir='ltr'><strong>consensu</strong></span> <span class='ocrx_word' id='word_1_168' title='bbox 651 1955 785 2022; x_wconf 82' lang='lat' dir='ltr'><strong>domini.</strong></span> <span class='ocrx_word' id='word_1_169' title='bbox 803 1957 891 2043; x_wconf 87' lang='lat' dir='ltr'><strong>Ergo</strong></span> <span class='ocrx_word' id='word_1_170' title='bbox 903 1957 1069 2043; x_wconf 86' lang='lat' dir='ltr'><strong>utriusque</strong></span> <span class='ocrx_word' id='word_1_171' title='bbox 1083 1956 1193 2020; x_wconf 88' lang='lat' dir='ltr'><strong>domi-</strong></span> 
     </span>
     <span class='ocr_line' id='line_1_20' title="bbox 163 2032 1191 2134; baseline -0.004 -20"><span class='ocrx_word' id='word_1_172' title='bbox 163 2050 261 2114; x_wconf 83' lang='lat' dir='ltr'><strong>nium</strong></span> <span class='ocrx_word' id='word_1_173' title='bbox 275 2067 344 2110; x_wconf 89' lang='lat' dir='ltr'><strong>non</strong></span> <span class='ocrx_word' id='word_1_174' title='bbox 361 2055 407 2110; x_wconf 85' lang='lat' dir='ltr'><strong>est</strong></span> <span class='ocrx_word' id='word_1_175' title='bbox 425 2045 583 2134; x_wconf 88' lang='lat' dir='ltr'><strong>plenum,</strong></span> <span class='ocrx_word' id='word_1_176' title='bbox 599 2045 658 2110; x_wconf 87' lang='lat' dir='ltr'><strong>sed&#39;</strong></span> <span class='ocrx_word' id='word_1_177' title='bbox 675 2043 783 2110; x_wconf 87' lang='lat' dir='ltr'><strong>minus</strong></span> <span class='ocrx_word' id='word_1_178' title='bbox 804 2045 950 2134; x_wconf 88' lang='lat' dir='ltr'><strong>plenum.</strong></span> <span class='ocrx_word' id='word_1_179' title='bbox 969 2032 1097 2112; x_wconf 72' lang='lat' dir='ltr'><strong>Minae</strong></span> <span class='ocrx_word' id='word_1_180' title='bbox 1111 2045 1191 2130; x_wconf 82' lang='lat' dir='ltr'><strong>ple·</strong></span> 
     </span>
     <span class='ocr_line' id='line_1_21' title="bbox 167 2133 1193 2222; baseline -0.003 -21"><span class='ocrx_word' id='word_1_181' title='bbox 167 2159 254 2201; x_wconf 87' lang='lat' dir='ltr'><strong>num</strong></span> <span class='ocrx_word' id='word_1_182' title='bbox 270 2133 468 2200; x_wconf 81' lang='lat' dir='ltr'><strong>dominium</strong></span> <span class='ocrx_word' id='word_1_183' title='bbox 479 2135 598 2198; x_wconf 89' lang='lat' dir='ltr'><strong>iterum</strong></span> <span class='ocrx_word' id='word_1_184' title='bbox 612 2133 736 2222; x_wconf 79' lang='lat' dir='ltr'><strong>duplen</strong></span> <span class='ocrx_word' id='word_1_185' title='bbox 755 2143 811 2199; x_wconf 86' lang='lat' dir='ltr'><strong>est.</strong></span> <span class='ocrx_word' id='word_1_186' title='bbox 831 2133 921 2198; x_wconf 87' lang='lat' dir='ltr'><strong>Nam</strong></span> <span class='ocrx_word' id='word_1_187' title='bbox 939 2135 995 2222; x_wconf 92' lang='lat' dir='ltr'><strong>qui</strong></span> <span class='ocrx_word' id='word_1_188' title='bbox 1013 2134 1072 2198; x_wconf 87' lang='lat' dir='ltr'><strong>sibi</strong></span> <span class='ocrx_word' id='word_1_189' title='bbox 1087 2154 1193 2198; x_wconf 86' lang='lat' dir='ltr'><strong>reser-</strong></span> 
     </span>
     <span class='ocr_line' id='line_1_22' title="bbox 165 2221 1195 2313; baseline -0.007 -21"><span class='ocrx_word' id='word_1_190' title='bbox 165 2224 258 2292; x_wconf 77' lang='lat' dir='ltr'><strong>vavit</strong></span> <span class='ocrx_word' id='word_1_191' title='bbox 269 2225 321 2308; x_wconf 83' lang='lat' dir='ltr'><strong>jus</strong></span> <span class='ocrx_word' id='word_1_192' title='bbox 334 2232 396 2304; x_wconf 85' lang='lat' dir='ltr'><strong>,ut</strong></span> <span class='ocrx_word' id='word_1_193' title='bbox 411 2221 560 2308; x_wconf 83' lang='lat' dir='ltr'><strong>sineejus</strong></span> <span class='ocrx_word' id='word_1_194' title='bbox 572 2244 729 2294; x_wconf 69' lang='lat' dir='ltr'><strong>vconsensu</strong></span> <span class='ocrx_word' id='word_1_195' title='bbox 744 2243 900 2313; x_wconf 80' lang='lat' dir='ltr'><strong>possessor</strong></span> <span class='ocrx_word' id='word_1_196' title='bbox 913 2222 952 2287; x_wconf 91' lang='lat' dir='ltr'><strong>de</strong></span> <span class='ocrx_word' id='word_1_197' title='bbox 966 2246 1001 2292; x_wconf 83' lang='lat' dir='ltr'><strong>re</strong></span> <span class='ocrx_word' id='word_1_198' title='bbox 1014 2223 1114 2288; x_wconf 87' lang='lat' dir='ltr'><strong>libere</strong></span> <span class='ocrx_word' id='word_1_199' title='bbox 1127 2221 1195 2286; x_wconf 83' lang='lat' dir='ltr'><strong>dis-</strong></span> 
     </span>
     <span class='ocr_line' id='line_1_23' title="bbox 168 2311 1192 2404; baseline -0.002 -28"><span class='ocrx_word' id='word_1_200' title='bbox 168 2335 290 2404; x_wconf 85' lang='lat' dir='ltr'><strong>ponere</strong></span> <span class='ocrx_word' id='word_1_201' title='bbox 304 2322 462 2398; x_wconf 83' lang='lat' dir='ltr'><strong>nequeat,</strong></span> <span class='ocrx_word' id='word_1_202' title='bbox 477 2313 503 2376; x_wconf 90' lang='lat' dir='ltr'><strong>is</strong></span> <span class='ocrx_word' id='word_1_203' title='bbox 517 2311 634 2375; x_wconf 88' lang='lat' dir='ltr'><strong>dicitur</strong></span> <span class='ocrx_word' id='word_1_204' title='bbox 648 2311 766 2377; x_wconf 87' lang='lat' dir='ltr'><strong>habere</strong></span> <span class='ocrx_word' id='word_1_205' title='bbox 784 2311 975 2378; x_wconf 80' lang='lat' dir='ltr'><strong>dominium</strong></span> <span class='ocrx_word' id='word_1_206' title='bbox 997 2311 1192 2388; x_wconf 76' lang='lat' dir='ltr'><strong>directum,-</strong></span> 
     </span>
     <span class='ocr_line' id='line_1_24' title="bbox 168 2399 1194 2489; baseline 0 -25"><span class='ocrx_word' id='word_1_207' title='bbox 168 2401 227 2488; x_wconf 92' lang='lat' dir='ltr'><strong>qui</strong></span> <span class='ocrx_word' id='word_1_208' title='bbox 241 2411 351 2464; x_wconf 89' lang='lat' dir='ltr'><strong>autem</strong></span> <span class='ocrx_word' id='word_1_209' title='bbox 364 2400 450 2464; x_wconf 89' lang='lat' dir='ltr'><strong>solus</strong></span> <span class='ocrx_word' id='word_1_210' title='bbox 467 2421 601 2464; x_wconf 90' lang='lat' dir='ltr'><strong>omnem</strong></span> <span class='ocrx_word' id='word_1_211' title='bbox 612 2421 656 2464; x_wconf 83' lang='lat' dir='ltr'><strong>ex</strong></span> <span class='ocrx_word' id='word_1_212' title='bbox 669 2423 705 2466; x_wconf 90' lang='lat' dir='ltr'><strong>re</strong></span> <span class='ocrx_word' id='word_1_213' title='bbox 720 2399 893 2486; x_wconf 85' lang='lat' dir='ltr'><strong>utilitatem</strong></span> <span class='ocrx_word' id='word_1_214' title='bbox 913 2399 1071 2489; x_wconf 78' lang='lat' dir='ltr'><strong>percipit,</strong></span> <span class='ocrx_word' id='word_1_215' title='bbox 1085 2399 1116 2465; x_wconf 91' lang='lat' dir='ltr'><strong>ei</strong></span> <span class='ocrx_word' id='word_1_216' title='bbox 1130 2399 1194 2464; x_wconf 82' lang='lat' dir='ltr'><strong>do-</strong></span> 
     </span>
     <span class='ocr_line' id='line_1_25' title="bbox 166 2483 1195 2577; baseline -0.006 -19"><span class='ocrx_word' id='word_1_217' title='bbox 166 2483 321 2558; x_wconf 84' lang='lat' dir='ltr'><strong>minium</strong></span> <span class='ocrx_word' id='word_1_218' title='bbox 335 2487 417 2552; x_wconf 84' lang='lat' dir='ltr'><strong>utile</strong></span> <span class='ocrx_word' id='word_1_219' title='bbox 434 2487 600 2554; x_wconf 83' lang='lat' dir='ltr'><strong>tribuitur.</strong></span> <span class='ocrx_word' id='word_1_220' title='bbox 617 2488 670 2553; x_wconf 89' lang='lat' dir='ltr'><strong>Sic</strong></span> <span class='ocrx_word' id='word_1_221' title='bbox 683 2509 713 2554; x_wconf 87' lang='lat' dir='ltr'><strong>e.</strong></span> <span class='ocrx_word' id='word_1_222' title='bbox 727 2509 759 2574; x_wconf 88' lang='lat' dir='ltr'><strong>g.</strong></span> <span class='ocrx_word' id='word_1_223' title='bbox 775 2487 810 2553; x_wconf 91' lang='lat' dir='ltr'><strong>in</strong></span> <span class='ocrx_word' id='word_1_224' title='bbox 824 2489 1029 2577; x_wconf 85' lang='lat' dir='ltr'><strong>emphyteusi</strong></span> <span class='ocrx_word' id='word_1_225' title='bbox 1041 2487 1195 2554; x_wconf 82' lang='lat' dir='ltr'><strong>dominus</strong></span> 
     </span>
     <span class='ocr_line' id='line_1_26' title="bbox 169 2569 1195 2664; baseline -0.002 -20"><span class='ocrx_word' id='word_1_226' title='bbox 169 2578 418 2664; x_wconf 83' lang='lat' dir='ltr'><strong>emphyteuseos</strong></span> <span class='ocrx_word' id='word_1_227' title='bbox 436 2573 519 2662; x_wconf 81' lang='lat' dir='ltr'><strong>(cler</strong></span> <span class='ocrx_word' id='word_1_228' title='bbox 535 2569 822 2663; x_wconf 67' lang='lat' dir='ltr'><strong>Erdenzinsherr)</strong></span> <span class='ocrx_word' id='word_1_229' title='bbox 845 2590 892 2642; x_wconf 89' lang='lat' dir='ltr'><strong>est</strong></span> <span class='ocrx_word' id='word_1_230' title='bbox 913 2577 1064 2642; x_wconf 88' lang='lat' dir='ltr'><strong>dominus</strong></span> <span class='ocrx_word' id='word_1_231' title='bbox 1084 2577 1195 2643; x_wconf 85' lang='lat' dir='ltr'><strong>direc-</strong></span> 
     </span>
     <span class='ocr_line' id='line_1_27' title="bbox 168 2663 1197 2754; baseline -0.001 -23"><span class='ocrx_word' id='word_1_232' title='bbox 168 2676 222 2732; x_wconf 88' lang='lat' dir='ltr'><strong>tus</strong></span> <span class='ocrx_word' id='word_1_233' title='bbox 235 2692 243 2729; x_wconf 73' lang='grc' dir='ltr'><strong>ε</strong></span> <span class='ocrx_word' id='word_1_234' title='bbox 259 2665 472 2754; x_wconf 85' lang='lat' dir='ltr'><strong>emphyteuta</strong></span> <span class='ocrx_word' id='word_1_235' title='bbox 485 2676 595 2730; x_wconf 84' lang='lat' dir='ltr'><strong>autem</strong></span> <span class='ocrx_word' id='word_1_236' title='bbox 606 2665 685 2752; x_wconf 84' lang='lat' dir='ltr'><strong>(der</strong></span> <span class='ocrx_word' id='word_1_237' title='bbox 695 2663 1015 2754; x_wconf 78' lang='lat' dir='ltr'><strong>Erbenzinsmunn)</strong></span> <span class='ocrx_word' id='word_1_238' title='bbox 1027 2677 1074 2732; x_wconf 87' lang='lat' dir='ltr'><strong>est</strong></span> <span class='ocrx_word' id='word_1_239' title='bbox 1086 2665 1197 2732; x_wconf 90' lang='lat' dir='ltr'><strong>domi-</strong></span> 
     </span>
     <span class='ocr_line' id='line_1_28' title="bbox 128 2752 1200 2842; baseline 0 -20"><span class='ocrx_word' id='word_1_240' title='bbox 128 2771 133 2777; x_wconf 81' lang='grc'><strong>’</strong></span> <span class='ocrx_word' id='word_1_241' title='bbox 169 2777 233 2822; x_wconf 88' lang='lat' dir='ltr'><strong>nus</strong></span> <span class='ocrx_word' id='word_1_242' title='bbox 249 2754 347 2819; x_wconf 78' lang='lat' dir='ltr'><strong>utilia</strong></span> <span class='ocrx_word' id='word_1_243' title='bbox 366 2752 559 2818; x_wconf 85' lang='lat' dir='ltr'><strong>Abhorrent</strong></span> <span class='ocrx_word' id='word_1_244' title='bbox 572 2752 724 2841; x_wconf 82' lang='lat' dir='ltr'><strong>aliquiab</strong></span> <span class='ocrx_word' id='word_1_245' title='bbox 738 2753 789 2818; x_wconf 87' lang='lat' dir='ltr'><strong>his</strong></span> <span class='ocrx_word' id='word_1_246' title='bbox 805 2755 989 2838; x_wconf 84' lang='lat' dir='ltr'><strong>vocabulis,</strong></span> <span class='ocrx_word' id='word_1_247' title='bbox 1005 2755 1092 2842; x_wconf 90' lang='lat' dir='ltr'><strong>quod</strong></span> <span class='ocrx_word' id='word_1_248' title='bbox 1109 2777 1145 2820; x_wconf 89' lang='lat' dir='ltr'><strong>ea</strong></span> <span class='ocrx_word' id='word_1_249' title='bbox 1157 2755 1200 2822; x_wconf 76' lang='lat' dir='ltr'><strong>iu,</strong></span> 
     </span>
     <span class='ocr_line' id='line_1_29' title="bbox 167 2843 1194 2936; baseline 0 -28"><span class='ocrx_word' id='word_1_250' title='bbox 167 2847 242 2936; x_wconf 83' lang='lat' dir='ltr'><strong>jure</strong></span> <span class='ocrx_word' id='word_1_251' title='bbox 261 2866 330 2908; x_wconf 89' lang='lat' dir='ltr'><strong>non</strong></span> <span class='ocrx_word' id='word_1_252' title='bbox 347 2854 544 2924; x_wconf 90' lang='lat' dir='ltr'><strong>occurrunt,</strong></span> <span class='ocrx_word' id='word_1_253' title='bbox 558 2843 612 2908; x_wconf 86' lang='lat' dir='ltr'><strong>sed</strong></span> <span class='ocrx_word' id='word_1_254' title='bbox 629 2865 649 2907; x_wconf 92' lang='lat' dir='ltr'><strong>a</strong></span> <span class='ocrx_word' id='word_1_255' title='bbox 663 2843 886 2930; x_wconf 87' lang='lat' dir='ltr'><strong>glossatoribus</strong></span> <span class='ocrx_word' id='word_1_256' title='bbox 899 2843 1031 2910; x_wconf 87' lang='lat' dir='ltr'><strong>inventa</strong></span> <span class='ocrx_word' id='word_1_257' title='bbox 1045 2856 1132 2910; x_wconf 86' lang='lat' dir='ltr'><strong>sunt.</strong></span> <span class='ocrx_word' id='word_1_258' title='bbox 1149 2845 1194 2908; x_wconf 85' lang='lat' dir='ltr'><strong>Et</strong></span> 
     </span>
     <span class='ocr_line' id='line_1_30' title="bbox 170 2931 1196 3021; baseline -0.003 -22"><span class='ocrx_word' id='word_1_259' title='bbox 170 2956 246 2999; x_wconf 88' lang='lat' dir='ltr'><strong>sane</strong></span> <span class='ocrx_word' id='word_1_260' title='bbox 265 2955 333 2997; x_wconf 91' lang='lat' dir='ltr'><strong>non</strong></span> <span class='ocrx_word' id='word_1_261' title='bbox 348 2931 527 2996; x_wconf 87' lang='lat' dir='ltr'><strong>admodum</strong></span> <span class='ocrx_word' id='word_1_262' title='bbox 542 2943 618 2996; x_wconf 90' lang='lat' dir='ltr'><strong>sunt</strong></span> <span class='ocrx_word' id='word_1_263' title='bbox 632 2933 812 3012; x_wconf 73' lang='lat' dir='ltr'><strong>concinna,</strong></span> <span class='ocrx_word' id='word_1_264' title='bbox 828 2944 858 2996; x_wconf 87' lang='lat' dir='ltr'><strong>et</strong></span> <span class='ocrx_word' id='word_1_265' title='bbox 873 2932 1050 3020; x_wconf 86' lang='lat' dir='ltr'><strong>elegantius</strong></span> <span class='ocrx_word' id='word_1_266' title='bbox 1065 2955 1116 2998; x_wconf 87' lang='lat' dir='ltr'><strong>res</strong></span> <span class='ocrx_word' id='word_1_267' title='bbox 1131 2954 1196 3021; x_wconf 92' lang='lat' dir='ltr'><strong>po-</strong></span> 
     </span>
     <span class='ocr_line' id='line_1_31' title="bbox 163 3020 1197 3110; baseline -0.001 -23"><span class='ocrx_word' id='word_1_268' title='bbox 163 3035 233 3090; x_wconf 84' lang='lat' dir='ltr'><strong>test</strong></span> <span class='ocrx_word' id='word_1_269' title='bbox 256 3021 424 3110; x_wconf 80' lang='lat' dir='ltr'><strong>exprimi,</strong></span> <span class='ocrx_word' id='word_1_270' title='bbox 447 3021 473 3085; x_wconf 90' lang='lat' dir='ltr'><strong>si</strong></span> <span class='ocrx_word' id='word_1_271' title='bbox 496 3021 680 3085; x_wconf 90' lang='lat' dir='ltr'><strong>dominium</strong></span> <span class='ocrx_word' id='word_1_272' title='bbox 701 3020 737 3086; x_wconf 92' lang='lat' dir='ltr'><strong>in</strong></span> <span class='ocrx_word' id='word_1_273' title='bbox 760 3044 878 3087; x_wconf 79' lang='lat' dir='ltr'><strong>oerum</strong></span> <span class='ocrx_word' id='word_1_274' title='bbox 905 3033 939 3087; x_wconf 87' lang='lat' dir='ltr'><strong>et</strong></span> <span class='ocrx_word' id='word_1_275' title='bbox 952 3023 1019 3108; x_wconf 82' lang='lat' dir='ltr'><strong>jus</strong></span> <span class='ocrx_word' id='word_1_276' title='bbox 1041 3021 1197 3088; x_wconf 80' lang='lat' dir='ltr'><strong>dominio</strong></span> 
     </span>
     <span class='ocr_line' id='line_1_32' title="bbox 165 3107 1198 3192; baseline -0.003 -13"><span class='ocrx_word' id='word_1_277' title='bbox 165 3177 168 3180; x_wconf 77' lang='grc'><strong><em>,</em></strong></span> <span class='ocrx_word' id='word_1_278' title='bbox 218 3113 372 3177; x_wconf 80' lang='lat' dir='ltr'><strong>oximum</strong></span> <span class='ocrx_word' id='word_1_279' title='bbox 394 3109 596 3188; x_wconf 89' lang='lat' dir='ltr'><strong>dividamus,</strong></span> <span class='ocrx_word' id='word_1_280' title='bbox 616 3131 676 3174; x_wconf 85' lang='lat' dir='ltr'><strong>eeu</strong></span> <span class='ocrx_word' id='word_1_281' title='bbox 697 3107 821 3174; x_wconf 85' lang='lat' dir='ltr'><strong>factum</strong></span> <span class='ocrx_word' id='word_1_282' title='bbox 837 3133 861 3176; x_wconf 89' lang='lat' dir='ltr'><strong>a</strong></span> <span class='ocrx_word' id='word_1_283' title='bbox 878 3112 916 3177; x_wconf 84' lang='grc' dir='ltr'><strong>Β.</strong></span> <span class='ocrx_word' id='word_1_284' title='bbox 940 3111 1097 3192; x_wconf 87' lang='lat' dir='ltr'><strong>Hubero,</strong></span> <span class='ocrx_word' id='word_1_285' title='bbox 1118 3111 1198 3176; x_wconf 91' lang='lat' dir='ltr'><strong>Dno</strong></span> 
     </span>
     <span class='ocr_line' id='line_1_33' title="bbox 169 3135 1203 3286; baseline -0.003 -19"><span class='ocrx_word' id='word_1_286' title='bbox 169 3135 428 3285; x_wconf 47' lang='lat' dir='ltr'><strong>ld&#39;mterrbergio</strong></span> <span class='ocrx_word' id='word_1_287' title='bbox 444 3211 477 3264; x_wconf 84' lang='lat' dir='ltr'><strong>et</strong></span> <span class='ocrx_word' id='word_1_288' title='bbox 489 3197 529 3264; x_wconf 92' lang='lat' dir='ltr'><strong>ab</strong></span> <span class='ocrx_word' id='word_1_289' title='bbox 542 3199 620 3264; x_wconf 87' lang='lat' dir='ltr'><strong>aliis.</strong></span> <span class='ocrx_word' id='word_1_290' title='bbox 633 3199 697 3264; x_wconf 87' lang='lat' dir='ltr'><strong>Sed</strong></span> <span class='ocrx_word' id='word_1_291' title='bbox 712 3198 765 3263; x_wconf 88' lang='lat' dir='ltr'><strong>cui</strong></span> <span class='ocrx_word' id='word_1_292' title='bbox 780 3199 883 3280; x_wconf 92' lang='lat' dir='ltr'><strong>bono,</strong></span> <span class='ocrx_word' id='word_1_293' title='bbox 895 3221 1022 3286; x_wconf 81' lang='lat' dir='ltr'><strong>quaeso,</strong></span> <span class='ocrx_word' id='word_1_294' title='bbox 1033 3211 1203 3270; x_wconf 81' lang='lat' dir='ltr'><strong>mutemus</strong></span> 
     </span>
     <span class='ocr_line' id='line_1_34' title="bbox 172 3285 1200 3378; baseline 0 -24"><span class='ocrx_word' id='word_1_295' title='bbox 172 3289 334 3354; x_wconf 76' lang='lat' dir='ltr'><strong>vocabula</strong></span> <span class='ocrx_word' id='word_1_296' title='bbox 349 3288 469 3375; x_wconf 87' lang='lat' dir='ltr'><strong>ubique</strong></span> <span class='ocrx_word' id='word_1_297' title='bbox 489 3289 525 3352; x_wconf 90' lang='lat' dir='ltr'><strong>in</strong></span> <span class='ocrx_word' id='word_1_298' title='bbox 540 3285 611 3353; x_wconf 84' lang='lat' dir='ltr'><strong>foro</strong></span> <span class='ocrx_word' id='word_1_299' title='bbox 628 3299 660 3352; x_wconf 84' lang='lat' dir='ltr'><strong>et</strong></span> <span class='ocrx_word' id='word_1_300' title='bbox 678 3288 762 3352; x_wconf 89' lang='lat' dir='ltr'><strong>inter</strong></span> <span class='ocrx_word' id='word_1_301' title='bbox 777 3288 1025 3354; x_wconf 82' lang='lat' dir='ltr'><strong>Jurisconsultos</strong></span> <span class='ocrx_word' id='word_1_302' title='bbox 1041 3289 1200 3378; x_wconf 76' lang='lat' dir='ltr'><strong>recepta?</strong></span> 
     </span>
     <span class='ocr_line' id='line_1_35' title="bbox 164 3375 1202 3464; baseline 0.003 -25"><span class='ocrx_word' id='word_1_303' title='bbox 164 3377 320 3443; x_wconf 88' lang='lat' dir='ltr'><strong>..maxime</strong></span> <span class='ocrx_word' id='word_1_304' title='bbox 340 3399 444 3464; x_wconf 91' lang='lat' dir='ltr'><strong>quum</strong></span> <span class='ocrx_word' id='word_1_305' title='bbox 457 3425 466 3456; x_wconf 94' lang='lat'><strong>,</strong></span> <span class='ocrx_word' id='word_1_306' title='bbox 481 3376 563 3440; x_wconf 85' lang='lat' dir='ltr'><strong>lieet</strong></span> <span class='ocrx_word' id='word_1_307' title='bbox 581 3399 650 3442; x_wconf 87' lang='lat' dir='ltr'><strong>non</strong></span> <span class='ocrx_word' id='word_1_308' title='bbox 669 3375 847 3440; x_wconf 88' lang='lat' dir='ltr'><strong>admodum</strong></span> <span class='ocrx_word' id='word_1_309' title='bbox 866 3377 1023 3464; x_wconf 87' lang='lat' dir='ltr'><strong>elegantia</strong></span> <span class='ocrx_word' id='word_1_310' title='bbox 1040 3378 1105 3443; x_wconf 87' lang='lat' dir='ltr'><strong>sint</strong></span> <span class='ocrx_word' id='word_1_311' title='bbox 1115 3428 1126 3460; x_wconf 94' lang='lat'><strong>,</strong></span> <span class='ocrx_word' id='word_1_312' title='bbox 1146 3389 1202 3443; x_wconf 91' lang='lat' dir='ltr'><strong>ta-</strong></span> 
     </span>
     <span class='ocr_line' id='line_1_36' title="bbox 160 3463 1204 3552; baseline 0.001 -22"><span class='ocrx_word' id='word_1_313' title='bbox 160 3487 253 3530; x_wconf 78' lang='lat' dir='ltr'><strong>men</strong></span> <span class='ocrx_word' id='word_1_314' title='bbox 269 3487 337 3530; x_wconf 88' lang='lat' dir='ltr'><strong>non</strong></span> <span class='ocrx_word' id='word_1_315' title='bbox 351 3465 448 3552; x_wconf 87' lang='lat' dir='ltr'><strong>plane</strong></span> <span class='ocrx_word' id='word_1_316' title='bbox 464 3463 602 3530; x_wconf 85' lang='lat' dir='ltr'><strong>barbara</strong></span> <span class='ocrx_word' id='word_1_317' title='bbox 622 3466 686 3530; x_wconf 88' lang='lat' dir='ltr'><strong>sint</strong></span> <span class='ocrx_word' id='word_1_318' title='bbox 702 3465 888 3552; x_wconf 84' lang='lat' dir='ltr'><strong>judicanda.</strong></span> <span class='ocrx_word' id='word_1_319' title='bbox 909 3465 1013 3552; x_wconf 81' lang='lat' dir='ltr'><strong>Magis</strong></span> <span class='ocrx_word' id='word_1_320' title='bbox 1035 3468 1113 3532; x_wconf 93' lang='lat' dir='ltr'><strong>utile</strong></span> <span class='ocrx_word' id='word_1_321' title='bbox 1129 3479 1204 3550; x_wconf 84' lang='lat' dir='ltr'><strong>est,</strong></span> 
     </span>
     <span class='ocr_line' id='line_1_37' title="bbox 175 3552 1201 3645; baseline 0.001 -26"><span class='ocrx_word' id='word_1_322' title='bbox 175 3554 364 3632; x_wconf 85' lang='lat' dir='ltr'><strong>observare,</strong></span> <span class='ocrx_word' id='word_1_323' title='bbox 388 3552 483 3617; x_wconf 92' lang='lat' dir='ltr'><strong>hodie</strong></span> <span class='ocrx_word' id='word_1_324' title='bbox 504 3565 567 3618; x_wconf 92' lang='lat' dir='ltr'><strong>tres</strong></span> <span class='ocrx_word' id='word_1_325' title='bbox 587 3577 651 3619; x_wconf 85' lang='lat' dir='ltr'><strong>esse</strong></span> <span class='ocrx_word' id='word_1_326' title='bbox 673 3554 791 3642; x_wconf 85' lang='lat' dir='ltr'><strong>species</strong></span> <span class='ocrx_word' id='word_1_327' title='bbox 806 3555 941 3620; x_wconf 89' lang='lat' dir='ltr'><strong>dominii</strong></span> <span class='ocrx_word' id='word_1_328' title='bbox 961 3557 1068 3621; x_wconf 85' lang='lat' dir='ltr'><strong>minus</strong></span> <span class='ocrx_word' id='word_1_329' title='bbox 1086 3555 1201 3645; x_wconf 89' lang='lat' dir='ltr'><strong>pleni,</strong></span> 
     </span>
     <span class='ocr_line' id='line_1_38' title="bbox 69 3638 1201 3732; baseline 0.002 -24"><span class='ocrx_word' id='word_1_330' title='bbox 69 3719 74 3730; x_wconf 23' lang='grc' dir='ltr'>ι</span> <span class='ocrx_word' id='word_1_331' title='bbox 160 3645 230 3724; x_wconf 84' lang='lat' dir='ltr'><strong>jus</strong></span> <span class='ocrx_word' id='word_1_332' title='bbox 256 3641 534 3730; x_wconf 75' lang='lat' dir='ltr'><strong>emphyteuseos,</strong></span> <span class='ocrx_word' id='word_1_333' title='bbox 551 3642 618 3730; x_wconf 84' lang='lat' dir='ltr'><strong>jus</strong></span> <span class='ocrx_word' id='word_1_334' title='bbox 637 3638 828 3732; x_wconf 80' lang='lat' dir='ltr'><strong>superficiei</strong></span> <span class='ocrx_word' id='word_1_335' title='bbox 850 3655 883 3708; x_wconf 82' lang='lat' dir='ltr'><strong>et</strong></span> <span class='ocrx_word' id='word_1_336' title='bbox 896 3647 962 3731; x_wconf 83' lang='lat' dir='ltr'><strong>jos</strong></span> <span class='ocrx_word' id='word_1_337' title='bbox 980 3643 1095 3732; x_wconf 79' lang='lat' dir='ltr'><strong>feudi.</strong></span> <span class='ocrx_word' id='word_1_338' title='bbox 1119 3645 1201 3710; x_wconf 90' lang='lat' dir='ltr'><strong>Duo</strong></span> 
     </span>
     <span class='ocr_line' id='line_1_39' title="bbox 173 3729 1208 3834; baseline 0.006 -38"><span class='ocrx_word' id='word_1_339' title='bbox 173 3733 286 3834; x_wconf 84' lang='lat' dir='ltr'><strong>priora</strong></span> <span class='ocrx_word' id='word_1_340' title='bbox 322 3751 365 3794; x_wconf 86' lang='lat' dir='ltr'><strong>ex</strong></span> <span class='ocrx_word' id='word_1_341' title='bbox 396 3731 468 3812; x_wconf 76' lang='lat' dir='ltr'><strong>jure</strong></span> <span class='ocrx_word' id='word_1_342' title='bbox 502 3729 655 3797; x_wconf 88' lang='lat' dir='ltr'><strong>Romano</strong></span> <span class='ocrx_word' id='word_1_343' title='bbox 690 3743 794 3815; x_wconf 87' lang='lat' dir='ltr'><strong>sunt,</strong></span> <span class='ocrx_word' id='word_1_344' title='bbox 825 3746 1027 3824; x_wconf 82' lang='lat' dir='ltr'><strong>postremum</strong></span> <span class='ocrx_word' id='word_1_345' title='bbox 1057 3734 1208 3802; x_wconf 82' lang='lat' dir='ltr'><strong>Romani</strong></span> 
     </span>
     <span class='ocr_line' id='line_1_40' title="bbox 161 3831 438 3910; baseline -0.004 -25"><span class='ocrx_word' id='word_1_346' title='bbox 161 3831 346 3910; x_wconf 57' lang='lat' dir='ltr'><strong>agnorant«</strong></span> <span class='ocrx_word' id='word_1_347' title='bbox 435 3871 438 3875; x_wconf 84' lang='lat'>.</span> 
     </span>
    </p>
   </div>
   <div class='ocr_carea' id='block_1_3' title="bbox 216 3909 1201 4029">
    <p class='ocr_par' dir='ltr' id='par_1_7' title="bbox 216 3909 1201 4029">
     <span class='ocr_line' id='line_1_41' title="bbox 216 3909 1201 4029; baseline -0.001 -25"><span class='ocrx_word' id='word_1_348' title='bbox 216 3923 388 4006; x_wconf 76' lang='lat' dir='ltr'><strong>Dorninium</strong></span> <span class='ocrx_word' id='word_1_349' title='bbox 410 3941 602 4024; x_wconf 81' lang='lat' dir='ltr'><strong>proprietatis</strong></span> <span class='ocrx_word' id='word_1_350' title='bbox 625 3942 776 4029; x_wconf 35' lang='lat' dir='ltr'><strong>&#39;definitur</strong></span> <span class='ocrx_word' id='word_1_351' title='bbox 790 3909 828 4004; x_wconf 53' lang='lat' dir='ltr'><strong>¹,ia</strong></span> <span class='ocrx_word' id='word_1_352' title='bbox 851 3960 906 4010; x_wconf 73' lang='lat' dir='ltr'><strong>art.</strong></span> <span class='ocrx_word' id='word_1_353' title='bbox 929 3941 991 4008; x_wconf 63' lang='lat'><strong>544</strong></span> <span class='ocrx_word' id='word_1_354' title='bbox 1020 3945 1092 4005; x_wconf 77' lang='lat' dir='ltr'><strong>cod.</strong></span> <span class='ocrx_word' id='word_1_355' title='bbox 1118 3949 1201 4026; x_wconf 78' lang='lat' dir='ltr'><strong>Nap.</strong></span> 
     </span>
    </p>
   </div>
   <div class='ocr_carea' id='block_1_4' title="bbox 0 0 1331 4504">
    <p class='ocr_par' dir='ltr' id='par_1_8' title="bbox 0 0 1331 4504">
     <span class='ocr_line' id='line_1_42' title="bbox 0 0 1331 4504; baseline 0 0"><span class='ocrx_word' id='word_1_356' title='bbox 0 0 1331 4504; x_wconf 95' lang='lat' dir='ltr'><strong> </strong></span> 
     </span>
    </p>
   </div>
  </div>
 </body>
</html>
