2644 4504
203 305 277 377 -DE
289 309 393 378 RER.
409 311 507 380 DIV.
520 311 580 380 ET
593 311 742 401 ADQU.
755 311 864 382 ΕΑΒ.
877 312 1043 382 DOMIN.
1080 311 1146 386 541

129 415 211 488 Idem
221 435 271 506 jus
284 433 475 512 distinguitur
484 436 584 511 quoad
597 437 816 495 usumfructum
824 448 852 494 et
861 437 972 496 nudam
982 435 1153 515 proprieta-

132 520 210 586 tem,
229 515 376 575 ineodem
391 516 462 575 Cod.
477 520 557 594 Nap.
572 532 626 576 art.
644 516 662 576 5
664 520 702 596 78
716 533 745 576 et
759 519 830 597 899.

367 641 370 647 ’
404 738 406 751 ,
462 674 492 760 s.
515 640 827 752 oooxxxrx.
895 694 1062 780 W„-
1083 685 1167 790 m

176 832 345 920 Pergimus
366 833 407 898 ad
426 834 561 900 alteram
581 845 725 923 partem,
745 855 845 921 quam
865 832 904 899 de
927 832 1073 900 dominio
1091 833 1154 900 ob-

126 923 324 988 servandam
342 921 494 988 diximus.
519 924 685 1008 Quaeritur
702 923 790 988 enim
808 923 896 1008 jam,
912 924 1029 1010 quibus
1050 924 1156 990 modis

132 1009 316 1077 dominium
337 1011 556 1098 adquiratur?
578 1011 644 1077 Hic
666 1011 922 1100 dispiciendum,
946 1021 988 1077 1⁰.
1011 1013 1089 1100 quid
1114 1013 1154 1078 sit

132 1100 250 1166 modus
263 1101 469 1186 adquirendi,
485 1102 516 1186 5.
536 1101 621 1188 5593
638 1109 683 1167 2⁰.
701 1112 800 1187 quotu
827 1101 902 1166 lices
917 1101 1000 1183 sint,
1016 1103 1047 1188 §0
1066 1101 1156 1185 5403

132 1187 180 1258 5⁰·
196 1201 276 1278 quot
287 1189 352 1254 sint
362 1189 452 1254 modi
462 1189 541 1273 juris
552 1190 713 1276 gentium,
726 1191 758 1274 ς.
772 1123 826 1255 di)
821 1189 911 1255 1-fin.

178 1297 207 1362 Ι.
228 1295 329 1383 Quod
351 1297 393 1362 ad
414 1297 558 1388 primam
578 1296 700 1362 adtinet
722 1297 953 1382 quaestionem,
973 1298 1156 1364 carendum

132 1397 210 1450 ante
226 1386 355 1468 omnia,
369 1408 411 1452 ne
425 1384 661 1450 confundamus
676 1385 814 1450 titulum
829 1397 861 1452 et
876 1387 1015 1450 modum
1033 1388 1159 1488 μάφαί-

133 1473 252 1555 rendi,
274 1476 395 1564 quippe
414 1475 471 1562 qui
489 1487 557 1540 toto
579 1475 658 1538 coelo
676 1471 838 1538 differunt.
858 1473 968 1540 Omne
989 1495 1078 1541 emm
1099 1477 1160 1540 do-

132 1563 276 1628 minium
293 1564 458 1652 duplicem
473 1563 570 1628 habet
582 1583 743 1644 caussam,
755 1563 952 1650 proximam
960 1611 972 1641 ,
988 1585 1160 1650 perquam

130 1650 320 1719 immediate
335 1652 518 1718 dominium
529 1673 623 1716 conse
646 1674 725 1716 uor:
738 1662 771 1714 et
785 1661 951 1717 remotam
962 1700 974 1730 ‚
986 1673 1045 1741 per
1058 1673 1161 1740 quarn

132 1751 170 1806 et
191 1753 325 1830 propter
348 1763 449 1830 quam
472 1739 610 1805 mediate
624 1675 677 1805 tdo
700 1739 861 1806 dominus.
887 1739 925 1804 E.
946 1760 979 1826 g.
1003 1740 1027 1805 si
1047 1761 1119 1842 repr,
1140 1759 1161 1807 a

134 1828 272 1894 domino
287 1830 372 1912 emi,
391 1841 424 1896 et
440 1828 527 1894 hinc.
538 1827 621 1895 mihi
638 1835 708 1894 rem
727 1839 851 1893 emtam
872 1827 991 1908 tradit,
1009 1828 1162 1894 dominus

132 1917 204 2000 fio,
229 1930 261 1982 et
279 1930 358 1984 tunc
378 1917 508 1985 traditio
525 1929 571 1983 est
582 1941 697 1984 caussa
715 1917 850 1982 dominii
870 1917 1042 2005 proxima,
1060 1919 1161 1984 emtio

135 2016 248 2072 autem
274 2017 382 2093 caussa
406 2017 542 2073 remota.
563 2008 639 2074 tam
659 2016 696 2070 ut
719 2027 790 2072 rom
814 2005 1032 2094 adplicemus,
1052 2028 1163 2072 oatusa

136 2093 276 2162 dominii
294 2095 460 2182 proxima
478 2106 614 2161 vocatur
635 2094 760 2186 modus
786 2093 993 2182 adquirendi
1015 2121 1027 2159 .-
1053 2117 1163 2162 caussa

135 2187 404 2264 autemremot‘o,
419 2183 549 2250 titulus.
564 2184 608 2249 Et
617 2182 653 2249 hi
664 2185 761 2250 etiam
774 2181 889 2249 effectu
900 2183 1062 2250 differunt.
1074 2184 1164 2252 Nam

142 2280 190 2341 1⁰.
209 2295 268 2368 per
283 2273 417 2340 titulum
435 2284 565 2340 tantum
583 2294 763 2360 consequor
776 2273 829 2360 jus
848 2271 889 2338 ad
908 2294 1000 2354 rem,
1018 2295 1076 2362 per
1092 2297 1166 2340 mo-

138 2363 222 2427 dum
239 2361 454 2450 adquirendi,
470 2361 506 2425 in
525 2383 571 2427 re.
596 2370 641 2428 2⁰.
662 2361 715 2426 Ex
733 2361 828 2426 titulo
847 2383 908 2449 ago
923 2361 956 2427 in
972 2385 1165 2452 personam,

134 2451 291 2518 adversus
309 2473 408 2531 eum,
429 2471 574 2537 quocum
595 2449 678 2514 mihi
701 2450 869 2536 negotium
889 2449 952 2516 lirit
972 2477 981 2515 ε
1000 2473 1043 2517 ex
1065 2453 1166 2536 modo

136 2539 330 2626 adquirendi
351 2539 386 2606 in
406 2561 478 2604 rem
500 2538 760 2625 ago,·adve1sus
781 2561 1022 2627 quemcumque
1045 2565 1168 2630 posses·

134 2649 256 2694 sorem.
275 2627 438 2717 Exempla
462 2627 585 2692 hebetis
603 2627 640 2692 in
662 2627 685 2692 l.
705 2641 751 2714 yn
763 2676 775 2708 ,
788 2627 836 2717 ff
862 2627 887 2693 l.
911 2635 951 2694 15
961 2678 974 2708 ,
994 2629 1030 2694 C.
1052 2631 1095 2694 de
1117 2632 1168 2697 rei

136 2717 263 2786 vindic.
288 2727 323 2783 et
348 2717 373 2782 l.
397 2718 440 2794 3,
460 2714 508 2806 ff
524 2715 567 2783 de
583 2715 649 2782 ott.
668 2726 701 2782 et
718 2727 785 2782 act.
805 2713 863 2780 ubi
877 2715 931 2782 hic
946 2738 1060 2782 casus:
1084 2718 1168 2802 Res,

136 2829 170 2872 e.
183 2827 215 2893 g.
231 2805 312 2872 liber
329 2828 347 2870 a
366 2805 540 2894 bibliopola
552 2804 696 2893 primum
709 2804 810 2886 mihi,
831 2804 945 2870 deinde
953 2805 1043 2871 Titio
1054 2808 1170 2872 vendi-

138 2905 276 2978 tuaest,
294 2893 463 2984 posteriori
478 2895 575 2959 etiam
592 2892 737 2960 traditus.
756 2893 942 2978 Quaeritur,
960 2914 1003 2956 an
1020 2915 1098 2980 ego,
1112 2897 1169 2982 qui

135 2983 327 3076 princerni,
344 2983 495 3054 adversus
509 2981 636 3048 Titium
648 3002 742 3068 agere
756 2992 788 3044 et
800 2981 923 3046 librum
941 2981 1030 3069 prius
1043 2996 1170 3050 emtum

135 3071 306 3138 uindicare
330 3071 476 3160 possim?
497 3070 657 3153 Negatur.
684 3069 774 3134 Nam
798 3070 855 3157 qui
878 3069 978 3147 emit,
1000 3069 1168 3156 jamtum

133 3161 275 3232 ¹titulum
291 3161 406 3246 habet„
425 3159 575 3244 nondum
593 3169 703 3226 autem
723 3179 794 3224 rem
813 3152 1002 3245 adquisivit,
1022 3161 1167 3250 adeoque

136 3249 249 3318 necin
263 3270 334 3314 rem
348 3249 415 3335 agit
428 3248 579 3314 adversus
592 3267 832 3335 quemcumque
849 3267 1076 3336 possessorem,
1091 3253 1168 3339 quia

134 3341 190 3428 jus
203 3338 240 3404 in
258 3361 295 3404 re
310 3338 439 3402 nullum
459 3337 556 3404 habet
571 3361 579 3400 ε
595 3335 649 3402 sed
663 3355 758 3422 agere
773 3335 868 3402 debet
885 3335 1036 3402 adversus
1050 3338 1168 3408 biblio·

140 3428 272 3518 polam,
290 3449 433 3512 quocum
452 3425 513 3578 ipsi
527 3425 695 3510 negotium
708 3425 770 3492 fiiit
781 3474 790 3505 ‚
800 3412 851 3490 ‘ad
869 3424 1074 3514 implendum
1089 3453 1169 3496 oon-

141 3529 305 3594 traetum,
321 3515 388 3596 vel,
401 3515 427 3580 si
443 3537 461 3578 a
485 3514 619 3601 implere
627 3523 793 3600 nequeat,
808 3513 850 3579 ad
859 3513 894 3580 id
903 3563 913 3595 ,
929 3515 1017 3601 quod
1027 3517 1169 3588 interest.
1187 3585 1188 3592 ,

142 3598 335 3672 Notandum
355 3604 464 3690 itaque
485 3602 539 3666 hio
557 3601 688 3670 axioma
710 3629 719 3666 z
746 3602 866 3668 titulus
890 3625 1084 3692 numquam
1106 3610 1169 3676 dat

128 3695 258 3780 jacin
280 3717 337 3772 re,
357 3693 418 3758 ced
437 3691 533 3757 debet
557 3691 711 3756 accedere
731 3690 895 3770 traditio,
922 3691 945 3756 l.
970 3715 1016 3760 ao
1026 3743 1037 3773 ,
1064 3695 1101 3760 0.
1126 3701 1169 3767 de

137 3793 235 3872 pact.
253 3783 341 3868 Ergo
359 3781 425 3848 sive
445 3779 601 3861 emerim,
620 3780 686 3844 sive
707 3803 757 3848 res
776 3779 860 3846 mihi
878 3779 1007 3868 legata,
1027 3781 1170 3872 donata,

138 3881 329 3963 permutata
345 3872 386 3940 sit
394 3920 405 3960 ,
421 3869 570 3949 nondum
586 3877 786 3962 tamensem
804 3867 956 3938 dominus
965 3917 974 3950 ,
993 3881 1170 3963 antequam

841 3951 1045 4028 »γεΑ
