2644 4504
127 357 292 442 omaus
307 357 452 425 nonis
468 353 662 424 rursus
676 353 884 424 murman.
949 351 1013 421 2a5

5 499 6 586 t
313 503 672 606 ¹§.conamus

5 731 7 768 a
54 683 191 772 Superest
211 681 303 750 Usus
315 683 410 770 hujus
426 683 532 764 tituli,
548 685 606 770 qui
620 682 756 748 omnino
771 683 882 770 negari
897 681 1021 772 nequit.

24 773 123 837 Omnes
143 771 233 838 enim
246 773 335 838 modi
354 772 486 838 liniendi
508 774 642 838 tutelam
660 773 767 838 adhuc
785 774 820 837 in
838 773 933 838 viridi
948 783 1026 837 sunt

25 862 220 942 observantia,
246 873 364 952 praeter
386 863 489 928 solam
515 861 597 928 forte
627 861 740 950 capitis
766 861 1025 950 dsmiuutionem

25 950 180 1016 maximam
210 962 242 1016 et
269 950 424 1016 mediam.
459 951 603 1040 Recepta
626 973 756 1038 qnoque
780 945 895 1038 drocul
925 951 1032 1015 dubio

27 1040 94 1102 natio
108 1040 232 1106 tutelae.
250 1041 313 1106 Sed
327 1039 360 1103 id
375 1052 484 1106 tamen
498 1040 660 1126 singulare
683 1051 728 1105 est
749 1066 757 1102 ε
776 1037 818 1124 (a)
835 1040 936 1126 Quod
954 1041 1034 1130 ple-

25 1128 108 1212 risque
123 1129 196 1193 Iocis
210 1151 297 1193 anno
321 1129 361 1194 14
374 1130 473 1194 tutela
490 1131 621 1216 quidem
639 1127 726 1193 finiri
746 1127 884 1209 dicitur,
905 1129 960 1193 sod
977 1142 1029 1193 ta·
1094 1176 1097 1180 -

27 1238 83 1279 mm
97 1229 180 1281 tutor
200 1219 261 1290 sub
286 1220 418 1282 nomine
434 1219 591 1283 curatoris
611 1219 724 1282 eadem
750 1215 815 1282 fere
835 1219 1031 1284 auctoritate

5 1337 7 1410 j
27 1308 166 1388 continuat
179 1307 492 1372 administrationem
505 1329 604 1394 usque
617 1307 657 1369 ad
672 1306 967 1392 majorennitatem.
980 1308 1030 1371 Ita

5 1413 7 1480 g
28 1415 81 1460 uns
93 1417 122 1459 se
135 1415 184 1460 ras
199 1396 297 1462 habet
309 1395 397 1484 apud
411 1408 520 1482 gentes
533 1395 598 1460 fere
613 1415 725 1459 omnes
738 1393 871 1480 originis
883 1395 1030 1462 Germa-

5 1483 7 1498 “
29 1482 103 1563 nicae,
124 1496 154 1550 at
176 1483 255 1548 hino
277 1484 395 1550 eruditi
413 1498 499 1550 recte
517 1485 652 1566 docsnt,
675 1483 858 1548 Germanos
882 1483 1033 1550 differen-

31 1571 87 1636 tiam
109 1584 257 1639 tutorum
279 1585 310 1638 et
326 1587 516 1638 curatorum
535 1573 633 1662 piane
655 1571 835 1660 ignorasse3
860 1593 922 1636 ceu
947 1575 1033 1638 clare

5 1659 64 1721 an.
82 1660 138 1726 Ge.
159 1661 327 1750 Beyerns‚
356 1663 607 1729 Iurisconsultus
632 1663 714 1726 oIim
735 1661 1033 1747 Wittebergensis,

33 1747 157 1833 singulari
177 1752 399 1830 dissertatione
419 1750 661 1818 demonstravit.
688 1750 730 1838 (β)
754 1749 791 1814 Id
811 1773 941 1838 quoque
965 1753 1035 1816 sin-

33 1838 117 1918 gulare
137 1853 212 1918 est,.
225 1841 312 1926 quod
332 1841 368 1906 in
392 1842 540 1908 universa
556 1841 734 1906 Germania
742 1861 807 1992 §er
827 1863 943 1904 teneas.
965 1842 1033 1904 im-

5 1929 7 1994 ἷ
30 1947 83 2008 per.
103 1929 186 1996 1648
202 1932 343 1996 rationes
357 1951 375 1994 u
389 1941 497 1996 tutore
510 1953 578 1997 non
591 1929 726 1993 demum
751 1977 752 1980 ,
767 1929 833 1992 nita
848 1930 947 1994 tutela
962 1929 1033 1993 red·

5 2055 6 2058 ¹
33 2013 120 2080 dendae
133 2018 195 2082 sint
211 2067 225 2099 ,
244 2018 299 2084 sed
323 2021 516 2105 quotannis,
542 2023 639 2105 idque
668 2017 873 2104 magistratus
894 2018 1036 2104 cujusvis

5 2095 7 2160 ἰ
33 2099 129 2168 loc'iex
147 2104 256 2172 officio
280 2129 396 2194 urgeas
425 2108 559 2194 debeat,
582 2109 731 2195 quamvis
752 2107 843 2174 nulla
867 2107 951 2172 actio
980 2119 1035 2171 tu-

5 2161 82 2258 itata
108 2193 318 2276 instituatur,
347 2218 447 2283 qoam
474 2201 572 2266 etiam
600 2195 748 2286 impubes
775 2195 942 2262 instituere
967 2219 1036 2261 anon

32 2291 111 2361 potat
123 2333 131 2362 ,
145 2285 223 2370 quia
235 2308 303 2350 non
318 2285 417 2350 habet
428 2309 599 2374 personam
618 2286 723 2350 standi
737 2287 772 2350 in
786 2285 922 2368 judicio.
941 2285 1036 2351 Reli-

34 2387 105 2466 quae,
122 2384 159 2436 ut
172 2374 263 2454 dixi,
284 2375 382 2461 hujus
402 2373 488 2444 tituli
501 2380 657 2446 doctrinas
675 2374 794 2462 ubique
809 2374 1036 2452 hodienumin

35 2457 107 2522 auidi
125 2475 199 2528 sunt
222 2464 438 2530 observantia.

8 2789 10 2832 i
213 2861 561 2960 TITULUS
605 2861 833 2948 XXIII.

349 3061 418 3142 De
437 3063 706 3141 Ouratma‘bus.
744 3023 748 3031 Δ

396 3272 427 3356 ς.
460 3269 658 3338 conxv.

36 3392 148 3538 Qum
164 3457 318 3526 hactenus
332 3457 624 3546 pertractavimus,
641 3456 682 3520 ad
699 3457 801 3522 solam
816 3457 950 3524 tutelam
966 3485 1043 3552 per·

36 3538 131 3610 tinent.
145 3545 295 3635 Sequitur
304 3549 374 3634 jam
389 3547 522 3612 curatio
535 3547 585 3611 vel
597 3549 762 3612 auratela.
778 3546 908 3612 Curar'e
919 3563 1043 3639 etpro-

36 3645 136 3698 curare
148 3657 228 3724 soepe
244 3648 319 3702 sunt
333 3657 540 3723 synonyma,
556 3637 836 3722 quemadmodum
854 3651 1044 3724 etfficurator

37 3721 67 3813 at¹
76 3737 275 3800 procurator.
299 3725 495 3792 Procurara
519 3737 629 3790 autem
653 3738 685 3789 et
704 3749 825 3790 curma
846 3739 893 3791 est
911 3731 1042 3815 negotia
1110 3792 1116 3802 ,

37 3799 121 3872 ahena
146 3813 367 3882 administrare
389 3815 440 3880 vel
463 3813 627 3880 bonorum
655 3813 786 3878 alterius
807 3837 922 3880 curam
943 3819 1045 3882 susci-

39 3905 121 3978 pere3
136 3902 229 3970 veluti
241 3904 328 3994 apud
342 3904 461 3970 Plorat.
474 3903 613 3992 Epidio.
632 3903 710 3970 Aca.
727 3927 740 3968 ι
748 3952 759 3986 ,
778 3903 875 3975 Satn.
888 3926 908 3972 2
915 3953 927 3984 ,
941 3930 972 3972 ν.
986 3927 1042 3996 ay·
