2644 4504
327 284 398 352 DE
419 284 825 356 conmortuus·
1016 291 1081 384 289

64 384 175 454 habent
188 409 250 479 pro
264 387 386 457 furioso
395 441 407 472 ,
427 411 505 458 cum
520 391 559 456 sit
570 395 645 458 satis
660 417 779 460 sanus:
796 395 864 460 imo
875 406 908 461 et
923 395 963 462 ad
979 400 1086 464 medi-

63 499 133 542 cam
146 479 239 546 illum
252 481 325 571 rapi
335 479 470 568 jubent,
486 492 522 546 ut
536 481 580 548 ibi
592 494 744 566 curetur,
758 507 862 571 quum
874 486 943 574 ipso
956 488 1085 552 medico

63 570 158 654 magis
171 571 285 658 sapiat.
307 570 358 634 Ne
378 572 486 658 itaque
498 572 544 635 ita
561 573 751 638 illuderetur
772 575 911 640 aliorum
928 577 1086 664 simplici·

63 657 131 737 tati,
150 669 273 747 praetor
297 657 429 746 quidem
452 661 625 748 promisit,
650 675 786 748 agnatos
812 687 844 728 se
867 664 1085 732 admissurum

7 769 8 772 ¹
60 766 116 809 esse
127 749 168 811 ad
183 748 361 813 curatelam
374 747 654 829 furiosorum,sed
668 772 735 816 nou
748 751 808 816 nisi
820 775 928 819 caussa
941 755 1085 840 cognita,
1125 834 1128 842 ,

7 841 9 854 '
60 835 81 898 si
93 837 156 901 scil.
170 837 232 901 sibi
246 839 338 926 prius
352 837 475 926 liquido
489 851 630 921 constet,
649 837 756 906 furere
771 841 887 924 illum,
909 847 961 926 cuj
967 867 1003 907 us
1021 867 1084 910 cu·

7 929 8 972 ἶ
61 925 188 990 ratelam
215 927 377 990 ambiunt.
405 931 557 992 Ceterum
582 927 685 994 obiter
712 941 815 1011 noto,
836 933 925 1020 apud
949 933 1085 1000 Latinos
1119 959 1127 1008 t

61 1012 255 1080 indonatum
270 1037 334 1080 esse
344 1016 472 1102 elegans
485 1018 714 1105 proverbium,
732 1020 781 1084 ad
795 1033 943 1108 agnatos
955 1033 1089 1112 elgeru-

62 1103 128 1168 tiks
152 1107 401 1180 remittendus,-
423 1127 488 1192 quo
511 1106 710 1188 utebantur,
731 1109 757 1174 ri
779 1129 878 1196 quem
901 1131 970 1176 non
996 1133 1085 1180 sanas

61 1194 167 1270 mentis
179 1216 245 1259 esse
264 1191 493 1280 significarent.

95 1337 118 1390 I.
141 1336 280 1393 Cameria
291 1333 506 1414 fumosorum]
536 1337 643 1395 Codice
658 1317 787 1407 inostro,
806 1339 912 1397 Iuriosi
935 1355 964 1399 et
986 1356 1085 1402 mente

7 1427 9 1490 j
62 1419 130 1490 capti
142 1437 202 1474 uon
215 1430 288 1476 suut
307 1418 338 1473 in
350 1420 500 1488 curatela,
520 1417 571 1476 sed
592 1421 622 1474 in
641 1422 743 1476 tutela.
765 1436 820 1479 are.
839 1417 895 1479 505
918 1439 946 1482 er
963 1423 1026 1502 5⁰9.
1046 1427 1086 1484 Et

7 1513 8 1518 ’
61 1498 146 1568 recte,
157 1503 294 1576 pe'rsonae
308 1501 387 1558 enim
400 1499 489 1556 causa
502 1501 650 1576 praecipue
663 1501 763 1561 datur.
780 1517 834 1562 art.
848 1501 908 1564 510.

427 1658 459 1743 ς.
482 1655 712 1725 oocxrx.

98 1810 141 1877 ΙΙ.
154 1811 311 1900 Sequitur
325 1811 425 1876 altera
436 1778 588 1898 legiIimra
600 1812 752 1878 curateloe
762 1810 900 1900 species,
913 1824 991 1902 puta
1001 1837 1086 1902 pro-
1123 1859 1153 1878 ‚..
1168 1803 1258 1932 λ

7 1949 8 1974 2
62 1899 226 1991 digeram.
244 1899 334 1966 Nam
353 1912 385 1966 et
407 1901 442 1965 hi
458 1923 550 1986 aeqae
568 1899 628 1966 sub
648 1901 816 1966 curatione
836 1923 854 1964 a
879 1913 1034 1968 natorum
1053 1917 1086 1970 et

61 2003 270 2077 cognatorum
285 2001 397 2070 eraut,
417 2012 455 2054 ac
479 1988 609 2070 furiosi,
631 1990 707 2076 quia
727 2000 760 2054 et
776 1990 836 2143 ipsi
853 1921 1013 2056 Iuriosum
1029 2014 1098 2059 re-·

7 2105 9 2160 2
61 2101 279 2146 rumsuarum
296 2076 765 2161 exitumfaceredIcebantur,
796 2081 921 2166 ΛΜ.
938 2101 977 2160 2,
981 2081 1029 2170 ff
1041 2083 1085 2148 dc

7 2191 9 2224 t
62 2177 117 2233 tut.
132 2170 204 2235 dat.
219 2170 318 2236 Unde
329 2169 440 2234 omnia
453 2169 506 2232 hic
519 2169 712 2256 repetenda,
734 2191 806 2256 quse
826 2169 857 2254 ς.
870 2168 994 2236 0ch
1001 2169 1086 2239 VIII

8 2279 10 2342 p
62 2255 205 2324 diximus.
228 2259 287 2325 Est
309 2259 431 2322 ethaeo
452 2257 593 2323 curatela
613 2279 656 2322 ex
678 2257 750 2322 XII
774 2257 880 2322 'rann
903 2279 972 2323 non
994 2261 1084 2348 quod

8 2381 9 2386 κ
62 2367 201 2436 expresse
219 2349 255 2412 in
276 2347 338 2412 illis
355 2349 478 2411 mentio
495 2347 583 2411 istius
601 2346 711 2427 fieret,
727 2346 782 2412 red
797 2347 885 2433 quod
901 2371 960 2435 per
981 2349 1084 2416 inter-

8 2429 10 2438 ’
62 2439 269 2522 pretationem
284 2437 483 2503 extensiuam
504 2458 553 2514 era
566 2435 619 2500 illa
639 2436 810 2516 eliceretur
826 2458 845 2499 a
861 2437 1084 2504 Juriscomul-
1201 2475 1202 2482 κ

62 2526 103 2586 tis.
119 2525 286 2591 Nimirum
301 2523 786 2604 Iurisconsultiexistimabnnt,
806 2525 934 2592 ratione
946 2547 1084 2594 oecono-

8 2627 9 2630 ’
63 2615 128 2677 miae
148 2617 231 2680 nihil
254 2621 401 2680 interesse
422 2617 507 2679 inter
525 2611 684 2678 furiosum
706 2625 738 2679 et
756 2613 943 2702 prodigum.
965 2618 1084 2702 Quum

9 2701 11 2790 ᾗ
62 2723 130 2788 ergo
152 2716 287 2769 curator
307 2703 402 2768 detur
419 2701 563 2785 furiosis,
585 2705 661 2792 quia
682 2704 768 2768 male
793 2725 843 2768 res
866 2727 939 2768 suas
955 2705 1084 2794 disper·-

9 2833 10 2846 η
63 2789 156 2875 dunt,
178 2796 280 2860 talem
302 2793 400 2856 etiam
423 2793 539 2857 merito
560 2793 708 2856 dandum
727 2793 1000 2881 prodigisequia,
1022 2795 1084 2860 udi

63 2881 172 2948 eodem
196 2885 303 2960 ratio,
326 2881 375 2946 ibi
395 2884 510 2946 cadem
519 2883 619 2967 juris
640 2881 819 2969 dispositio
833 2905 904 2944 esee
918 2881 1026 2947 debet.
1041 2886 1082 2950 Id

61 2969 151 3036 modo
162 2971 398 3062 explicandum
413 2981 571 3059 superest,
586 2971 721 3058 quinam
735 2973 798 3034 siut
807 2971 982 3056 prodigi?
997 2971 1081 3038 Rea-

61 3060 180 3143 pondeo
190 3111 199 3142 ,
210 3060 475 3146 distinguendum
486 3081 549 3124 esse
560 3060 712 3148 prodigos
719 3059 856 3145 juridice
869 3069 900 3121 et
912 3059 1082 3132 moraliter

60 3147 141 3214 tales.
151 3140 470 3218 Moralesdicuntur
478 3149 846 3238 prodigi‚quicuutque
855 3147 1083 3236 impensarum

61 3254 113 3302 nec
125 3243 261 3306 modum
276 3261 335 3304 uec
349 3237 450 3302 finem
462 3235 605 3320 faciunt,
622 3239 766 3324 adeoque
779 3235 980 3323 abliguriunt
994 3236 1082 3310 bona

60 3343 120 3390 tua.
140 3329 202 3395 seu
220 3329 256 3395 in
274 3329 336 3393 hoo
354 3348 447 3393 sensu
464 3327 518 3392 hic
536 3349 605 3392 non
623 3328 801 3418 accipimus
817 3325 1024 3393 vocabulum.
1045 3330 1082 3397 Si

61 3417 141 3481 enim
162 3441 278 3484 omues
293 3417 421 3506 prodigi
437 3417 534 3502 hujus
551 3418 678 3503 generis
697 3417 880 3504 acciperent
895 3428 1081 3505 curatores,

61 3509 232 3574 verendum
249 3521 342 3588 esset,
363 3518 400 3572 ut
417 3510 494 3572 satis
513 3505 609 3570 multi
629 3505 731 3571 futuri
747 3505 810 3570 sint
819 3543 830 3587 5
851 3505 968 3592 quibus
983 3531 1082 3576 cura·

62 3599 92 3654 to
108 3593 145 3657 es'
159 3597 309 3662 constitui
334 3595 465 3686 possint.
493 3594 542 3660 At
554 3597 711 3682 juridice
727 3597 875 3685 prodigi
898 3610 1079 3680 vocantur,

62 3699 113 3764 qut
134 3707 199 3750 usa
215 3697 353 3776 praetore
369 3685 460 3750 bonis
472 3683 700 3751 interdictum.¹
710 3685 848 3771 Cognita
863 3685 953 3752 enim
968 3708 1078 3752 caussa

65 3767 114 3834 ubi
127 3787 244 3859 praetor
253 3774 450 3864 reperiebat,
466 3775 610 3860 aliquem
623 3795 688 3840 esse
700 3774 895 3862 prodigum,
910 3776 1079 3846 decretum

64 3852 294 3952 interponebat,
309 3861 593 3953 cujusiormulam
612 3863 883 3951 elegantissimam
902 3864 996 4017 qobis
1013 3887 1080 3932 aer·

102 3949 191 4019 Paua
215 3973 341 4024 antus.
1136 3969 1161 3981 ··
