2648 4498
265 427 328 497 an
517 424 1030 512 ufflnuurrnvnt

261 541 319 628 qui
341 555 473 608 servum
492 559 589 602 auum
610 536 784 620 occidunt,
803 539 834 624 5.
852 561 871 604 a
883 587 894 618 ,
918 540 1007 604 Ima
1027 531 1058 598 t.
1080 537 1103 590 t.
1126 532 1157 588 et
1178 515 1272 582 solum

256 631 311 720 jus
328 623 503 714 castigandi
518 627 668 694 relictum
683 637 729 692 est
748 626 908 709 dominis,
924 629 947 693 l.
968 648 1028 692 un.
1047 612 1139 718 ⁰4¹⁶
1153 600 1273 676 entend·

259 741 348 781 cerv.
370 715 519 802 quamvis
540 726 573 779 et
596 738 695 806 poena
718 716 976 782 extraordinaria
1004 707 1195 776 adficiuntur
1219 691 1273 756 do·

260 805 363 884 mini,
379 807 405 868 si
418 804 481 868 hoc
496 804 672 892 castigandi
684 803 758 890 jure
772 805 967 884 abutantur,
980 823 1040 866 ceu
1054 797 1147 860 dccet
1160 777 1274 880 elegatts

261 893 454 981 exemplum
468 891 647 958 Umbriciae
664 905 822 958 matrona
839 895 880 958 ab
902 891 1071 958 Hadriano
1089 881 1273 970 relegatum

260 981 539 1070 quinquennium,
551 983 627 1068 quia
641 982 773 1048 ancillas
786 983 950 1051 levissimis
963 1005 1007 1047 ex
1020 971 1136 1042 caussis
1145 978 1274 1068 atroctsss

259 1081 440 1149 tractasset,
452 1071 475 1134 Ι.
491 1091 511 1135 2
524 1120 534 1148 ,
547 1071 577 1154 ς.
588 1069 649 1134 ult.
652 1067 700 1160 ff
712 1069 745 1135 Ιι.
760 1071 812 1135 tit.
828 1071 930 1158 Quin,
938 1066 1128 1136 Antoninus
1138 1057 1206 1121 P1ua
1218 1068 1273 1112 aet*

259 1179 319 1226 voa
332 1160 351 1224 J
355 1159 412 1223 ulii
419 1157 546 1239 Sabini,
559 1158 642 1246 quia
655 1159 788 1224 domino
803 1163 943 1226 atrocius
953 1154 1082 1224 tractati
1094 1147 1135 1214 ad
1146 1153 1272 1247 statuam

238 1276 240 1280 ·
257 1247 417 1339 principia
428 1259 597 1340 tamquam
608 1247 648 1312 ad
658 1249 787 1336 asylum
797 1248 1033 1336 confugerant,
1050 1231 1273 1322 vendiJussnet

121 1361 124 1366 ’
153 1415 154 1420 ¹
260 1337 435 1440 pecuniam
456 1337 547 1402 reddi
569 1338 723 1419 domino,
747 1359 789 1404 ne
803 1337 886 1404 forte
909 1327 1274 1403 annumerarentur

261 1428 381 1494 rterdm
394 1476 403 1507 ,
418 1427 448 1512 ς.
462 1448 502 1506 a,
523 1427 613 1491 luat.
627 1427 659 1490 Ιι.
675 1437 699 1491 t.

304 1580 402 1651 Quam
418 1579 484 1636 vilis
494 1579 593 1636 habita
606 1579 696 1638 fuerit
707 1581 803 1638 anima
816 1581 947 1652 servilis,
963 1565 1003 1639 ex¹
1020 1581 1066 1640 his
1086 1559 1276 1633 versiculu-

262 1663 374 1721 ueualis
387 1664 423 1719 V.
435 1679 513 1738 219,
533 1661 635 1720 melitis
654 1661 815 1740 intelliges:

390 1801 458 1848 Pone
471 1815 570 1850 crucan
581 1801 809 1852 sarva-Meruit
820 1817 872 1866 quc
886 1801 991 1850 erimine
1007 1814 1095 1850 terrun

391 1865 570 1930 Supplicium?
584 1867 641 1930 quia
655 1867 724 1914 tertia
734 1866 823 1914 adeat?
839 1867 896 1930 quis
911 1866 1022 1914 detulit?
1032 1863 1099 1914 audi.

389 1929 465 1978 Nulla
479 1946 600 1994 umquam
611 1929 642 1978 de
656 1941 735 1978 morte
744 1931 855 1980 hominis
864 1932 992 1980 cunctatio
1004 1931 1082 1994 longa
1096 1935 1142 1974 est.

393 2022 425 2030 -
439 1997 461 2043 0
474 1993 577 2042 demens
587 1996 592 2040 l
602 1995 635 2041 ita
649 2011 734 2043 cervus
745 1995 822 2044 homo
833 1997 890 2044 eat?
904 1995 942 2042 nil
954 1996 1045 2055 suerit,
1060 2005 1129 2042 cato:

393 2061 447 2107 Hoc
462 2058 539 2119 rulo,
553 2059 588 2107 sic
600 2059 692 2123 jubeo,
704 2061 737 2108 ait
752 2077 799 2124 pro
815 2062 912 2108 ratione
925 2061 1049 2110 voluutas.
1174 2058 1177 2063 ’

636 2187 943 2273 ccxxxii.v

310 2339 362 2404 De
377 2337 555 2403 Germania
569 2335 700 2424 aliisque
717 2335 809 2418 locis,
822 2338 877 2403 ubi
892 2340 999 2406 adhuc
1013 2337 1098 2406 servi
1113 2333 1279 2427 habenlufa

265 2425 526 2506 observandum,
546 2438 592 2490 1⁰.
610 2447 669 2490 nec
691 2425 732 2489 ibi
753 2429 901 2492 dominos
912 2431 989 2515 'jure
1008 2430 1083 2494 vitae
1103 2437 1135 2494 et:
1151 2435 1233 2486 nccls
1249 2425 1279 2470 1¹¹

265 2537 373 2582 aervcs
393 2516 457 2594 uti,
480 2515 534 2579 scd
552 2515 663 2580 durius
681 2525 792 2580 tamen
817 2519 964 2604 castigari
984 2517 1190 2591 verberibus,
1213 2519 1280 2567 ⁰³¹³

265 2627 358 2685 cere,
375 2603 531 2682 vinculis,
546 2604 602 2690 qui
621 2626 688 2668 non
707 2615 823 2692 parent
840 2603 998 2671 dominis.'
1009 2607 1122 2672 Multis
1141 2589 1280 2694 locisnd‘J‘

265 2695 349 2761 mini
372 2691 468 2758 simul
491 2691 633 2778 gaudent
654 2693 874 2779 jurisdictione
899 2695 985 2760 civili
1011 2709 1043 2760 et
1069 2684 1229 2761 criminali
1250 2695 1279 2740 ιη

265 2805 373 2852 servos
387 2781 438 2850 vel
452 2781 587 2847 rusticos
599 2804 671 2848 suos
683 2831 693 2863 ,
707 2805 780 2870 quae
790 2783 968 2868 jurisdictio
983 2785 1104 2850 dicitur
1114 2775 1279 2872 patrimo·

266 2873 372 2942 attalia
379 2923 391 2952 ,
404 2893 505 2958 eaque
524 2871 621 2936 etiam
640 2871 676 2934 in
691 2871 795 2936 vicina
813 2873 988 2938 Omlandia
1004 2873 1125 2960 liabent
1146 2859 1278 2962 nobile³‚

266 2960 417 3052 quamvis
438 2982 506 3026 non
520 2959 661 3028 habeant
677 2981 793 3025 servos.
816 2975 862 3026 2⁰.
886 2961 925 3026 ln
945 2963 1125 3028 Germania
1145 2959 1281 3048 homtnft

267 3055 418 3144 proprios
446 3049 564 3128 vendi,
591 3049 705 3115 donari
733 3049 1033 3140 legatiqueposse,
1059 3054 1113 3118 sed
1139 3067 1207 3114 non
1228 3051 1280 3136 11¹5!

267 3165 348 3209 cum
363 3139 507 3230 praedio,
523 3139 563 3204 ad
578 3138 665 3228 quod
686 3139 857 3225 pertinent.
880 3141 928 3205 5⁰.
950 3139 1074 3205 lbidem
1093 3163 1161 3206 non
1181 3141 1281 3199 omnla

268 3253 378 3296 servos
399 3229 568 3314 adquirere
592 3226 741 3316 dominis.
766 3227 910 3294 Praestito
931 3229 1019 3294 enim
1042 3241 1140 3296 censu
1159 3237 1281 3317 annuqa
1319 3275 1320 3295 i

269 3318 481 3410 praestitisque
502 3316 628 3404 operia,
649 3315 675 3379 si
699 3317 777 3403 quid
796 3328 950 3406 praeterea
972 3318 1046 3408 ipsia
1069 3325 1231 3408 superest,
1253 3299 1281 3368 ld
1318 3365 1319 3382 i

269 3407 329 3474 sibi
345 3407 485 3472 retinent
500 3415 532 3469 et
545 3405 587 3468 ad
607 3405 722 3470 liberos
739 3429 811 3470 sucs
826 3407 1069 3492 transmittunt,
1085 3415 1220 3494 excepto
1240 3409 1283 3460 tt·

270 3518 349 3564 men
369 3515 454 3584 equo
474 3493 621 3580 optimo,
640 3494 828 3580 optimaque
846 3497 1052 3584 supellectili,
1072 3519 1171 3585 quam
1189 3493 1283 3556 dorm·

271 3609 335 3654 nus
345 3605 388 3652 ex
400 3581 574 3648 hereditate
588 3582 676 3670 capit
687 3581 790 3663 (conl.
806 3605 876 3673 sup.
892 3587 922 3671 ς.
940 3586 1015 3671 35).
1031 3581 1203 3675 Aliquibus
1216 3573 1283 3643 loeis

273 3685 443 3764 receptum
464 3681 531 3752 eat,
547 3683 583 3734 ut
597 3682 729 3736 mortuo
744 3673 877 3741 homine
892 3678 1025 3762 proprio
1037 3677 1167 3742 heredes
1181 3667 1284 3756 ejnsel

274 3765 425 3830 dominus
437 3779 530 3848 aequa
544 3760 636 3826 lance
653 3759 737 3828 inter·
752 3785 784 3829 se
797 3763 943 3828 dividant
956 3765 1175 3834 hereditatem.
1191 3759 1285 3829 Mores

274 3856 383 3943 itaque
397 3849 617 3919 divertistoeis
630 3864 705 3918 sunt
717 3851 929 3922 diversissimi.
1035 3887 1040 3894 ·
