2710 4504
385 327 749 403 DEDICATIO.
1042 349 1088 396 xv

115 439 231 514 Verum
249 467 358 544 nugas
375 449 486 536 forte,
510 448 568 522 vel
581 467 704 536 actum⁸
716 443 826 518 modo
840 469 942 544 agere
959 441 1085 541 pleris-

23 605 24 614 ,
77 564 132 638 que
148 539 289 616 videbor
303 545 445 620 edendo
462 547 524 618 has
537 546 805 620 Elementorum
821 542 1087 618 Heiuecciano-

23 641 24 692 1
76 665 139 710 rum
151 639 466 740 interpretationes.
478 647 729 743 Quidquamne
742 644 838 716 enim
849 643 974 716 deesse
988 662 1088 740 pote·

76 735 110 808 rit
123 737 160 810 ad
176 741 359 817 meliorem
372 743 638 842 intelligentiam
655 743 788 833 libelli,
803 762 988 838 postquam
1002 740 1091 812 doc·

23 873 24 900 1
76 836 179 908 tissimi
192 835 325 939 aliquot
335 840 627 942 celeberrimique
642 842 882 914 iureconsulti
894 841 996 912 illum
1012 866 1091 912 cer·

77 936 156 1006 tatim
184 940 485 1015 observationibus
519 941 908 1038 adnotationibusque,
940 938 1090 1036 ipseque

23 1103 24 1106 ,
77 1055 179 1108 auctor
206 1045 342 1112 dictatis
370 1040 441 1114 suis
472 1062 554 1140 post
581 1045 647 1113 lata
672 1041 748 1138 ejus
770 1039 895 1128 editis,
914 1036 1088 1108 illustrare

77 1133 152 1206 haud
168 1136 399 1211 dubitarunt?
419 1145 473 1212 Ex
495 1166 567 1238 quo
598 1167 680 1212 saue
709 1138 855 1211 classico
880 1135 964 1208 huic
990 1162 1094 1208 com·

77 1232 189 1327 pendio
215 1237 285 1310 hoc
316 1237 426 1311 decus
449 1259 555 1338 atque
581 1257 827 1311 ornamentum
856 1233 1029 1324 accessit,
1052 1255 1094 1308 ut

77 1331 160 1402 illum
179 1336 244 1408 viri
264 1335 419 1410 illustres
441 1365 483 1410 ac
504 1338 697 1410 doctissimi
722 1340 790 1412 JO.
814 1339 891 1410 GE.
917 1335 1090 1422 ESTOR,

78 1433 161 1525 CAR,
190 1438 654 1524 GOTTL.KNORR1US‚
682 1440 750 1508 JO.
774 1439 887 1509 LUD.
912 1437 1095 1504 UHLIUS

77 1529 153 1602 notis
168 1533 384 1631 scholiisque
399 1537 678 1634 locupletarent,
699 1533 814 1606 omnis
829 1532 999 1635 deinceps
1012 1557 1097 1628 ope·

78 1653 127 1716 ra,
143 1656 209 1726 qua
231 1631 398 1704 illustrari
419 1655 559 1732 posset,
576 1633 709 1706 inutilis
724 1659 765 1703 ac
783 1636 998 1730 supervacua
1015 1686 1025 1719 ,
1053 1655 1097 1702 ac

78 1745 195 1800 tantum
207 1756 284 1802 non
299 1730 382 1828 Ilias.
398 1753 479 1830 post
492 1739 688 1807 Homerum
704 1731 854 1807 videtur.
870 1729 966 1820 Quin
984 1728 1097 1824 majus
1206 1807 1208 1812 ,

78 1823 175 1898 adhuc
189 1829 362 1926 quiddam
379 1851 510 1922 restat,
537 1832 635 1928 quod
660 1855 762 1902 mea
791 1828 941 1901 consilio
966 1827 1099 1901 edendi

23 2001 24 2004 Ἴ
78 1925 299 2000 Recitationes
307 1929 389 2000 istas
401 1929 580 2002 deterrere
590 1929 774 2028 potuisset.
784 1926 989 1999 Meminisse
1001 1946 1098 1998 certe

79 2020 236 2100 debebam
257 2053 332 2100 non
352 2028 467 2100 solum
488 2028 636 2100 istorum
657 2025 895 2114 scholiorum,
918 2024 980 2096 sed
995 2024 1101 2121 cogi·-

80 2139 138 2194 tare
154 2124 283 2218 etiam,
302 2153 447 2200 omnem
467 2153 574 2225 porro
593 2124 790 2199 illustrandi
807 2125 996 2196 ¹Elementa
1011 2123 1100 2195 Hei-

23 2255 25 2262 1
79 2222 229 2295 necciana
245 2224 403 2298 laborem
416 2226 637 2324 praeripuisse
649 2225 833 2321 otiumque
849 2222 974 2296 fecisse
985 2221 1101 2296 virum

78 2318 214 2416 aliquem
229 2321 317 2420 juris
331 2325 603 2423 peritissimum,
623 2325 724 2422 cujus
738 2343 849 2396 exstat
866 2321 1101 2420 amplissimus

23 2421 24 2428 ’
79 2419 340 2494 commentarius
357 2424 422 2498 sub
440 2424 585 2497 nomine
600 2423 711 2521 ipsius
728 2423 998 2495 Elementorum
1014 2447 1101 2494 auc-

23 2575 24 2580 ,
81 2517 154 2590 toris
169 2523 373 2618 germanico
387 2521 554 2596 idiomate
572 2523 699 2598 editus.
716 2525 912 2620 Operosam
926 2547 1009 2592 sane
1022 2518 1104 2590 dili-

80 2617 221 2708 gentiam
241 2621 457 2716 explicandis
472 2620 814 2720 interpretandisque
830 2618 1025 2691 Elementis
1042 2617 1106 2688 ad-

23 2715 24 2792 }
81 2712 183 2790 hibuit
194 2719 251 2790 vir
261 2718 321 2791 ille
335 2777 344 2809 ‚
360 2720 519 2816 quisquis
531 2741 603 2811 est,
620 2721 748 2794 doctus
764 2740 802 2792 et
818 2717 1034 2806 laboriosus,
1053 2715 1106 2788 sic

81 2833 116 2884 ut
134 2841 204 2888 non
235 2817 398 2890 inutilem
423 2845 567 2917 operam
595 2819 794 2918 praestiterit
818 2817 980 2890 discendi
1001 2815 1107 2912 cupi-

82 2911 140 2986 dis.
160 2916 315 2988 Tametsi
333 2917 431 3006 enim
445 2919 582 3012 liquido
599 2919 786 3016 juraverim
800 2929 812 3007 ‚‘
834 2917 891 2990 vix
904 2914 1108 2988 vicesimam

23 3109 24 3112 Ἴ
83 3015 316 3087 commentarii
331 3037 466 3113 partem
478 3045 521 3090 ex
534 3045 596 3091 ore
609 3017 793 3090 Heineccii
810 3035 995 3112 exceptam
1008 3039 1107 3104 esse,

23 3125 24 3130 ’
84 3113 138 3184 sed
153 3133 292 3186 tantum
306 3140 380 3186 non
394 3117 510 3188 omnia
528 3115 675 3190 doctum
694 3116 795 3188 illum
815 3115 1045 3210 interpretem
1066 3139 1108 3185 ac

23 3237 24 3248 ¹
84 3212 345 3310 compilatorem
371 3241 415 3292 ex
444 3217 570 3288 ceteris
598 3236 668 3286 tam
694 3212 970 3301 Heineccianis,
1001 3237 1108 3310 quam

75 3309 226 3384 'aliorum
243 3312 381 3410 scriptis
401 3315 638 3413 congessisse,
658 3335 794 3386 tantum
805 3335 924 3386 tamen
935 3312 1055 3400 abest,
1069 3329 1110 3384 ut

23 3425 24 3468 t
85 3431 303 3484 contemnam
315 3432 510 3512 utcumque
521 3415 678 3488 laborem
687 3414 787 3485 illum
800 3471 808 3503 ,
823 3411 989 3510 utpotius
1000 3409 1112 3480 maxi-

23 3583 24 3592 ,
85 3531 223 3606 mopere
241 3506 563 3589 conamendandum
586 3539 660 3585 non
685 3511 932 3602 Iustinianistis
948 3529 1107 3599 tantum,

86 3608 143 3679 sed
160 3609 376 3683 Edictalibus
392 3639 433 3684 ac
447 3611 711 3711 Papinianistis,
730 3611 940 3696 existimem.

131 3807 248 3882 Nihilo
261 3809 375 3884 secius
387 3830 525 3902 tamen,
544 3811 573 3884 si
586 3841 644 3888 me
658 3811 805 3902 auditis,
822 3835 896 3882 non
907 3807 1003 3879 leves
1016 3805 1112 3914 adse·
1126 3903 1132 3914 1

89 3929 160 3979 ram
174 3933 333 4004 caussas,
358 3919 422 3984 chr
435 3937 508 3986 non
523 3913 639 3988 solum
652 3941 709 3988 me
725 3939 798 3986 non
814 3907 983 4009 poeniteat
999 3929 1114 3976 consr-
