2644 4504
248 314 314 402 274
518 313 1020 400 nrnnar,r1r.xxr.
1059 281 1067 302 ’

247 437 356 504 tutor,
371 435 404 488 et
417 421 462 490 sic
475 423 531 490 hic
546 425 794 492 administrare
809 427 945 508 dicitnr,
968 427 991 492 l.
1016 451 1048 505 r,
1068 427 1097 512 §.
1115 446 1151 503 2,
1159 418 1201 512 ff
1218 417 1252 484 de

249 514 447 579 administr.
464 525 568 580 tutor.
588 515 646 580 Sin
666 537 744 582 vero
759 517 903 606 pupillus
921 529 968 580 est
985 513 1125 582 inlantiae
1138 513 1187 578 vel
1198 533 1252 598 pu-

246 602 363 668 bertati
379 603 567 690 proximus,
584 613 662 668 tunc
676 605 819 694 pupillus
832 608 899 693 ipse
914 605 1024 670 omnia
1040 615 1141 694 potest
1153 619 1252 687 agere,

246 691 347 758 modo
364 705 519 780 praesente
537 704 570 756 et
583 699 800 758 consentiente
814 707 922 760 tutore
941 695 973 759 id
987 693 1100 772 saciat,
1114 691 1168 779 qui
1185 700 1255 752 tune

246 782 488 846 auctoritatem
497 784 709 870 interponere
716 783 846 864 dicitur,
860 785 884 848 l.
895 809 940 870 9,
945 783 993 872 ff
1009 785 1052 848 cle
1065 781 1193 869 adquin
1207 777 1255 840 lte-

247 869 316 935 red.
332 869 502 959 Exemplis
514 893 564 936 res
581 871 637 936 fiet
653 871 782 938 clarior.
802 874 950 960 Pupillus
969 871 1075 938 infans
1089 893 1154 934 non
1166 875 1257 955 potest

246 959 457 1039 contrahere,
476 959 564 1024 adire
584 961 813 1043 hereditatem,
833 963 978 1026 solvere:
994 963 1049 1026 sed
1074 956 1255 1042 haecomnia

245 1049 315 1134 ejus
325 1050 457 1112 nomine
469 1070 571 1136 eoque
583 1050 681 1138 plane
692 1050 793 1114 inscio
806 1055 873 1138 agit
885 1064 984 1114 tutor.
996 1051 1119 1114 Contra
1131 1044 1257 1136 pupillus

135 1155 139 1161 ·
244 1135 413 1226 septennio
430 1137 537 1224 major
555 1137 623 1226 ipse
640 1149 727 1203 recte
746 1141 928 1220 contrahit,
948 1151 1034 1205 recte
1056 1139 1122 1203 adit
1142 1131 1257 1200 heredi-

249 1236 370 1306 tatem,
383 1238 471 1290 recte
483 1225 594 1306 solvit,
607 1229 708 1292 modo
718 1251 857 1318 praesens
870 1229 911 1294 sit
925 1239 1013 1292 tutor
1026 1239 1060 1292 et
1073 1223 1257 1292 auctoritate

245 1313 319 1399 eJ'ue
328 1310 410 1402 βαι.
430 1315 559 1382 Revera
579 1315 688 1404 itaque
706 1319 893 1384 auctoritas
907 1317 948 1382 ab
967 1317 1124 1405 augendo
1138 1311 1259 1388 dicitur,

270 1403 322 1468 uia
341 1416 430 1468 tutor
443 1417 540 1490 auget
558 1417 590 1470 et
607 1407 753 1494 supplet,
768 1408 856 1494 quod
877 1428 1020 1496 personae
1038 1404 1156 1496 pupilli
1176 1403 1258 1466 deest·

244 1425 356 1558 infans
374 1493 465 1558 enim
483 1491 526 1558 ob¹
544 1491 706 1558 defectum
724 1495 856 1560 rationis
870 1495 961 1582 quasi
979 1505 1108 1560 nonest
1121 1509 1260 1582 persona,

242 1599 322 1668 ergo
333 1583 401 1668 ejus
411 1582 544 1648 nomine
556 1585 622 1670 agit
635 1595 736 1648 tutor.
749 1583 798 1650 At
808 1582 945 1648 infantia
957 1585 1064 1670 major
1077 1593 1124 1648 est
1138 1598 1258 1683 persona

244 1672 397 1760 quidem,
407 1673 462 1736 sed
472 1672 571 1738 veluti
581 1673 713 1738 dimidia
723 1723 733 1754 ,
743 1671 785 1737 ob
799 1673 1024 1738 infirmitatem
1036 1671 1163 1760 judicii.
1176 1663 1261 1753 Quod

243 1782 323 1848 ergo
335 1761 420 1826 deest
432 1761 509 1824 huic
520 1761 665 1850 pupillo,
676 1762 710 1826 id
722 1763 850 1853 supplet
861 1774 949 1826 tutor
960 1763 1093 1850 ejusque
1105 1776 1261 1850 personam
1310 1785 1311 1802 κ

163 1929 166 1934 Ι
246 1861 370 1939 auget,
393 1849 474 1914 dum
499 1873 638 1938 praesens
660 1851 840 1928 consentit;
859 1863 891 1916 et
913 1851 990 1916 hinc
1012 1851 1084 1934 ejus
1107 1867 1261 1916 consensus

244 1939 364 2004 dicitur
383 1941 580 2004 auctoritas.
600 1940 689 2006 Hinc
707 1941 869 2028 eleganter
888 1940 923 2006 in
943 1941 966 2006 ι.
986 1941 1050 2019 32,
1068 1941 1100 2026 §
1124 1961 1143 2006 a
1153 1935 1214 2030 ,ff
1229 1932 1262 2000 de

245 2029 349 2117 udqu.
357 2051 504 2114 possess.
519 2028 638 2094 dicitur
652 2023 979 2118 'irefnntisjudicinm
991 2029 1148 2116 suppleri
1160 2034 1260 2090 (tacto-
1310 2045 1311 2106 }

244 2119 348 2185 ritate
367 2117 490 2182 tutoris
498 2143 512 2200 3
525 2117 675 2204 quamvis
689 2117 734 2184 ibi
748 2115 854 2184 iulans
874 2118 977 2210 accipi
993 2111 1148 2186 rideatm·¹
1164 2111 1263 2178 latiore

244 2230 338 2272 serrsu
350 2229 413 2296 pro
426 2207 519 2286 omui
533 2207 671 2296 pupillo.

285 2349 337 2404 Hae
348 2347 437 2404 variae
446 2347 522 2421 juris
533 2347 677 2416 Romani,
696 2349 771 2406 eirca
786 2367 950 2424 puerorum
964 2360 1097 2423 aetatem,
1109 2345 1266 2406 differentia

246 2441 275 2486 et
288 2428 509 2500 distinctiones,
527 2450 590 2488 non
606 2443 677 2490 sunt
693 2430 764 2487 ustis
781 2431 926 2488 hodierni.
950 2431 1050 2488 Codex
1064 2433 1145 2488 enim
1159 2440 1265 2492 noster,

245 2508 385 2578 ammo,
402 2512 577 2586 generaliter
595 2511 690 2568 tutori
705 2512 863 2570 demandat
880 2514 986 2588 pnpilli
1005 2525 1034 2568 et
1053 2533 1159 2570 rerum
1176 2509 1267 2586 pupil-

233 2591 354 2668 ,tarium
363 2591 657 2652 administrationem.
668 2595 749 2669 Ergo
762 2595 873 2650 tutoris
884 2595 1066 2663 auctoritas,
1088 2594 1186 2668 qualis
1197 2587 1268 2664 apud

243 2675 396 2733 Romanos
408 2673 579 2750 exigebatur
592 2715 601 2744 ‚
620 2675 702 2750 apud
714 2663 842 2736 noanon
859 2677 948 2734 habet
961 2679 1073 2733 locum.
1094 2677 1192 2732 Tutor
1205 2671 1271 2730 enin

175 2816 177 2824 ,
244 2753 408 2814 secundum
433 2755 484 2830 jus
506 2757 705 2825 hodiernum,
730 2777 792 2818 non
815 2757 974 2814 intervenit
1002 2757 1034 2813 in
1062 2757 1191 2834 negotiis
1215 2769 1270 2828 qna

243 2838 377 2914 pupillus
398 2837 460 2912 ipse
486 2838 655 2910 contrahit,
675 2839 726 2896 scd
752 2839 833 2896 solus
860 2841 1009 2914 pupillum
1032 2833 1272 2912 repraesentatio

246 2920 385 2976 omnibus
398 2920 512 2978 actibus
529 2919 682 2989 civilibus,
703 2934 758 2976 art.
772 2916 838 2978 450.
859 2923 895 2976 ln
913 2924 947 2980 ea
968 2921 1058 2978 etiam
1076 2918 1222 2978 sententia
1239 2923 1274 2971 est

243 3001 378 3080 egregius
395 3001 443 3060 vir
455 3001 643 3058 Bnnrnrnor
653 3003 701 3058 ἀιι
709 2999 845 3058 Instit‘lr.
857 3015 877 3060 t.

231 3215 248 3253 l
625 3143 901 3229 §.·coxu1x.

164 3252 231 3403 &a
287 3296 344 3362 Ex
367 3293 418 3360 his
436 3291 603 3384 principiis
624 3292 698 3360 fluit
714 3293 785 3382 jam
809 3273 953 3361 delinitio
970 3293 1205 3372 auctoritatis.
1225 3290 1273 3354 Est

145 3359 190 3471 s
245 3383 408 3456 nimirum
427 3393 525 3470 actus
554 3384 749 3472 legitimus,
773 3407 842 3472 pue
866 3395 977 3464 tutor,
1003 3383 1099 3471 quod
1118 3379 1271 3470 pupillus

210 3525 218 3552 ,
246 3471 400 3559 infantia
414 3466 528 3557 major
535 3473 632 3560 gerit
640 3522 652 3551 ,
667 3493 699 3536 ee
714 3498 755 3537 ex
769 3495 836 3562 quo
855 3471 1006 3536 deterior
1029 3472 1104 3560 ιβιδ
1128 3469 1270 3536 conditio

233 3557 321 3650 fleri
331 3561 441 3646 pontit
448 3607 461 3638 ,
481 3560 692 3626 sollemniter
705 3562 887 3648 arlprobct.
904 3561 1111 3650 Explicanda
1132 3557 1194 3624 ¹erit
1208 3558 1270 3619 haee

243 3648 388 3736 definitio
404 3639 463 3736 p‘er
479 3660 596 3738 partes.
617 3649 766 3716 Dicimus
787 3659 833 3715 ιθ.Δ
848 3673 912 3716 esse
928 3662 1046 3716 uotum
1070 3649 1271 3738 legitimum.

243 3739 284 3804 ld
299 3737 431 3825 quidem
444 3761 463 3802 a
475 3738 576 3826 priori
588 3738 811 3818 demonstrare
821 3760 888 3816 non
908 3761 1100 3828 possumus,
1115 3751 1269 3832 nmquam

219 3839 226 3854 ¹
245 3827 385 3894 enimin
400 3823 549 3896 universo
566 3829 697 3916 jureita
713 3829 832 3894 dicitur
847 3828 1025 3896 auctoritas
1039 3823 1175 3894 tutorisr
1185 3817 1274 3890 sedrd

244 3929 356 3988 tamen
378 3941 397 3986 a
413 3917 584 4009 posteriori
601 3919 713 4008 liquet.
731 3919 860 3996 Omna,
874 3919 985 4003 eninr,
1006 3915 1144 4008 quode
1163 3912 1277 3982 acuta
