2646 4496
204 307 271 386 238
473 307 641 378 LIBER
672 311 707 394 l,
732 311 839 380 TIT.
864 311 968 380 XII.

201 417 347 482 exsulem
363 439 438 482 eum
453 415 562 484 fecerit
570 468 580 502 ,
594 420 649 484 sed
661 431 790 486 tautum
801 420 952 508 relegarit
966 420 1165 510 imperator,
1179 416 1237 484 t‘b.

206 505 256 572 V.
277 507 383 572 Trist.
397 507 495 598 Eleg.
508 531 542 574 a.

312 671 373 728 Nec
386 669 499 739 vitam,
519 687 573 730 uec
593 666 682 746 opes,
699 686 752 731 nec
767 673 818 746 jus
836 673 908 730 mihi
924 671 996 732 civis
1011 671 1139 740 ademit,

289 791 295 804 .
347 753 395 808 Nil
408 753 519 811 nisime
532 751 634 829 patriis
644 755 732 828 jussit
746 757 846 813 abesse
859 756 942 812 focis.

308 835 375 909 lpse
394 836 535 912 relegati,
557 853 620 893 uon
636 837 761 908 exsulis,
780 839 875 896 utitur
892 839 924 894 in
942 855 989 895 me
1058 839 1060 844 '

351 917 476 975 Nomine
477 957 684 978 ...........
692 943 694 950 ·
698 961 990 981 ...............
1040 937 1045 947 ·

207 1065 326 1156 Quum
341 1069 449 1156 itaque
468 1093 527 1160 per
546 1069 778 1157 relegationem
791 1070 869 1158 jura
885 1071 1071 1157 Quiritium
1088 1093 1155 1135 non
1171 1069 1238 1138 adi·

169 1188 171 1192 ¹
206 1167 395 1240 merentur,
410 1181 448 1224 ea
465 1169 525 1251 neo
542 1159 726 1227 dominium
740 1163 821 1245 juris
840 1161 1023 1246 Quiritium
1044 1161 1236 1239 tollebatur,

206 1249 354 1336 adeoque
370 1269 429 1314 ueo
446 1247 552 1338 patria
570 1261 707 1338 potestas
724 1251 909 1316 solvebatur
926 1251 1148 1336 relegatione,
1164 1249 1194 1312 id
1207 1270 1237 1334 q.

206 1361 238 1404 e.
255 1338 287 1402 d.
303 1339 357 1402 Ex
371 1338 485 1404 eodem
502 1349 610 1426 patet,
625 1361 685 1404 neo
706 1361 764 1427 per
780 1339 985 1429 dignitatem
999 1340 1169 1404 sublatum
1180 1360 1238 1404 esso

205 1429 261 1518 jus
283 1427 397 1516 patriae
415 1428 589 1520 potestatis.
613 1429 703 1496 Hine
726 1428 792 1494 sive
814 1429 930 1517 consul
949 1440 1026 1494 esset
1052 1429 1139 1494 filius
1155 1477 1164 1510 ,
1179 1429 1245 1518 sive,

107 1560 113 1571 x
209 1530 354 1606 praetor,
372 1517 439 1582 sive
458 1517 625 1676 saeerdp,
646 1517 801 1586 manebat
822 1529 932 1588 tamen
946 1516 1193 1598 filiusfamilias,
1210 1527 1238 1581 et

194 1607 336 1677 -ratiorie
355 1603 454 1676 officii
474 1607 571 1696 quide
631 1631 691 1696 pro
715 1605 942 1696 patrefamilias
963 1607 1167 1686 habebatur,
1189 1605 1239 1670 sed

210 1696 302 1762 domi
322 1709 393 1762 erat
409 1698 445 1762 iu
468 1708 624 1786 potestate
648 1697 768 1795 patris,
794 1708 826 1762 et
845 1697 1005 1784 quidquid
1026 1696 1237 1784 adquirebat,

177 1811 181 1838 ¹
210 1785 298 1876 patri
315 1786 517 1872 adquirebat.
540 1786 740 1854 Luculenter
758 1785 792 1852 id
812 1786 906 1852 duoet
927 1787 1068 1874 Dionys.
1091 1786 1238 1851 Halicar-

210 1899 295 1942 nass.
311 1875 371 1942 lib·
388 1877 413 1944 I
414 1877 436 1941 I
442 1925 454 1954 ,
470 1877 595 1964 Antip.
611 1876 713 1942 Rom.
731 1875 787 1940 ubi
798 1874 912 1959 refert,
926 1889 1010 1964 saepe
1025 1876 1111 1940 filios
1129 1874 1241 1960 magis·

211 1977 337 2031 tratum
354 1977 518 2052 gerentes,
538 1977 572 2031 et
586 1988 664 2030 oum
681 1965 797 2054 plausu
817 1963 945 2054 publice
964 1966 1238 2044 concionantem

211 2053 607 2142 rostrisdetraetosfitisse
627 2077 646 2120 a
664 2055 833 2142 patribus,
848 2065 880 2120 ot
894 2077 953 2144 per
971 2077 1081 2120 servos
1104 2051 1239 2121 verberi·

168 2185 176 2212 ι
213 2144 274 2210 bus
296 2143 456 2227 adiectos,
473 2147 500 2210 si
518 2144 598 2232 quid
616 2143 790 2210 turbarum
807 2145 841 2208 in
861 2168 931 2234 rep.
952 2143 1029 2208 dare
1045 2143 1238 2224 viderentur.

212 2235 370 2306 Manebat
394 2235 465 2320 lege
487 2233 596 2300 fixum
621 2245 654 2300 et
677 2232 836 2319 minum,
855 2257 925 2301 uon
947 2234 1028 2302 solvi
1056 2244 1240 2329 potestatem

203 2323 314 2416 patris
328 2323 387 2388 filii
398 2325 566 2411 dignitate.

607 2468 858 2558 pexunt

260 2631 323 2700 Sed
338 2645 369 2699 et
384 2633 456 2700 hac
470 2633 612 2718 mutavit
631 2635 650 2699 J
653 2621 850 2724 ustinianus,
865 2633 924 2722 qui
942 2633 983 2698 ob
998 2634 1125 2724 aliquot
1139 2625 1249 2718 digni.

163 2754 169 2794 .·
213 2737 295 2791 tates
318 2723 460 2814 patriam
477 2735 667 2813 potestatem
689 2721 778 2790 finiri
792 2724 906 2792 voluit.
927 2725 970 2792 Et
994 2733 1038 2790 1⁰.
1060 2725 1153 2790 initio
1169 2717 1238 2808 qui·
1307 2799 1308 2804 ἵ

215 2817 292 2882 dum
306 2815 339 2882 id
353 2815 561 2903 privilegium
579 2815 733 2880 concessit
743 2814 901 2902 patriciis
914 2814 938 2878 l.
955 2813 1017 2879 ult.
1037 2815 1076 2882 0.
1098 2815 1139 2886 da
1156 2810 1238 2876 Con·

216 2905 283 2971 sut.
309 2905 371 2971 Per
391 2904 542 2994 patricios
559 2915 671 2969 autem
694 2903 747 2968 hio
770 2926 839 2968 nou
860 2904 1111 2990 intelliguntur,
1129 2899 1186 2988 qui
1203 2916 1240 2961 ex

215 3007 312 3084 geute
319 2994 455 3084 patricia
464 2993 532 3058 nati
538 2994 602 3076 ‚uti
610 2994 688 3058 olim
696 2993 729 3058 id
738 2992 908 3084 disonmen
917 2992 1240 3085 obser-vatumllomae

216 3085 370 3154 novimus
382 3108 400 3150 a
415 3097 559 3174 tempore
573 3083 724 3148 Romuli:
736 3083 791 3148 sed
802 3106 822 3148 a
833 3084 1033 3170 temporibus
1046 3076 1240 3150 Constantius

215 3175 266 3241 M.
277 3173 322 3238 ita
335 3175 443 3240 vocari
451 3174 596 3240 solebant
602 3173 770 3259 primarii
770 3173 946 3276 principis
959 3171 1168 3248 administri,
1177 3162 1239 3253 qui·

215 3261 277 3328 bus
289 3263 501 3352 imperatores
511 3274 682 3347 tamquam
695 3263 839 3349 patribus
850 3263 1035 3342 utebantur,
1044 3275 1076 3328 et
1084 3259 1240 3348 qualeesu·

171 3360 173 3368 ’
216 3353 345 3445 periore
359 3353 476 3418 saeculo
487 3353 497 3416 i
502 3376 523 3416 n
539 3351 646 3416 Gallia
658 3349 746 3416 fuere
758 3351 944 3416 Cardinales
957 3351 1126 3421 Richelieu
1137 3358 1167 3412 et
1180 3343 1239 3440 blla·

216 3443 320 3510 uarin.
336 3444 426 3523 Hos,
443 3442 466 3506 si
477 3439 676 3506 filiifamilias
686 3451 801 3522 essent,
814 3441 918 3528 patria
933 3453 1088 3530 potestate
1101 3438 1239 3506 liberavit

213 3529 428 3613 lastinianus,
434 3530 683 3602 absurdumesse
695 3523 882 3610 retrusum
892 3531 1013 3619 priuati
1022 3525 1166 3620 potestati
1175 3516 1239 3584 sub·

214 3644 298 3699 esse,
316 3643 414 3708 quem
430 3621 496 3708 ipse
510 3620 662 3709 priuoeps
679 3641 741 3709 pro
762 3631 854 3708 patre
874 3619 1002 3686 babeat.
1020 3623 1064 3686 2⁰.
1082 3605 1238 3707 Quemad-

217 3711 357 3778 modum
365 3721 475 3774 autem
485 3708 555 3788 fieri
563 3709 659 3792 solet,
669 3719 706 3774 ut
717 3710 890 3777 honoruui
902 3709 1029 3777 habitus
1039 3727 1119 3787 mox
1130 3701 1167 3768 ab
1179 3702 1239 3764 alut

219 3801 405 3880 ambiatur,
422 3799 467 3864 ita
482 3800 593 3888 paullo
608 3811 680 3889 post
693 3799 797 3866 simile
811 3799 1020 3890 privilegium
1034 3793 1238 3888 impetrarunt

215 3889 357 3981 episcopi
363 3940 372 3976 ,
388 3900 559 3979 tamquam
572 3891 754 3982 spirituales
772 3901 879 3978 patres
887 3939 897 3974 ,
915 3889 1010 3960 Nov.
1028 3895 1119 3972 18,c·
1131 3883 1171 3963 3³
1182 3891 1236 3944 ”w
