2710 4504
26 341 31 524 l
163 371 224 444 uu
245 377 363 447 surr.
384 348 622 476 narcara,
636 365 785 448 'canu
809 381 867 448 nr
889 379 982 450 etv.
1019 381 1088 456 nr

26 534 31 681 p
413 545 445 629 §-
469 543 567 610 mx
590 557 622 612 a
643 543 727 644 nx.
1084 512 1113 540 ”

25 688 30 768 l
112 697 270 766 Hactenus
291 693 330 766 de
348 702 629 769 constitutionibus
652 701 882 788 generalibus:
903 711 1083 790 sequuntur

80 787 229 876 speciales,
249 803 365 880 quaaet
383 788 502 858 Privile
527 796 576 873 ia,
591 795 680 879 quasi
700 791 802 882 privas
819 793 904 882 legas
917 793 1089 878 dicuntur.

80 875 181 966 l'rirus
193 881 282 944 enim
299 875 457 946 veterssus
475 815 561 945 iiim
575 895 643 946 crat
659 905 697 946 ac
709 879 890 968 singularis.
909 882 998 966 Ergo
1013 879 1085 968 pri-

79 965 212 1119 νίίοέἰιιω
224 981 271 1034 est
282 971 337 1034 lex
352 969 531 1060 singularis.
546 971 743 1042 Accusatior
760 982 870 1036 tamen
883 966 1027 1034 definitio
1041 988 1087 1036 ex

80 1055 102 1139 S.
140 1069 157 1134 ',
176 1053 265 1147 lust.
286 1057 320 1124 Ia.
341 1071 364 1124 t.
383 1060 453 1124 dari
472 1071 594 1149 potest,
607 1061 695 1148 quod
705 1060 891 1150 privilegia
909 1057 972 1123 sint
986 1083 1087 1124 cono·

27 1196 30 1207 .
81 1143 234 1212 titutioues
241 1196 254 1227 ,
272 1143 397 1236 quibus
409 1147 585 1236 imperans
596 1152 649 1214 vel
657 1147 698 1214 ob
711 1149 876 1216 meritum
886 1147 1021 1238 aliquid
1035 1147 1086 1214 in-

27 1258 30 1281 ι
80 1231 198 1326 dulget,
210 1236 415 1324 velpoenum
427 1237 560 1328 irrogat
572 1250 669 1304 extro
679 1239 831 1304 ordinem
841 1249 898 1317 ,ut
911 1251 1027 1304 tomen
1039 1231 1088 1304 od

26 1284 31 1405 l
81 1323 251 1410 exemplum
261 1323 1086 1416 nontrubuturAExquadelinitionefacilercspon-

25 1413 26 1424 ²
80 1409 133 1476 dari
146 1424 245 1502 potest
256 1415 300 1480 ad
314 1415 517 1504 questiones:
528 1424 570 1480 1⁰.
584 1421 642 1482 An
654 1413 821 1506 privilegia
835 1427 920 1480 recte
934 1415 1020 1502 leges
1033 1415 1090 1497 oia,

80 1503 201 1568 cantur?
214 1501 314 1594 Resp.
326 1507 411 1570 Sunt
421 1503 555 1570 omnino
568 1503 669 1592 leges,
682 1505 758 1594 quia
777 1516 854 1570 sunt
864 1503 1052 1594 praescripta
1066 1527 1087 1572 a

80 1611 189 1656 summo
202 1585 397 1684 imperante.
412 1591 474 1660 Sed
486 1594 656 1678 objicitur,
668 1589 705 1660 ea
720 1617 789 1660 non
803 1591 968 1680 obligare:
980 1593 1091 1695 privi-

25 1641 30 1738 l
80 1675 215 1764 legistam
226 1679 318 1748 euim
329 1683 396 1768 juri
409 1685 666 1750 suoreuunciare
680 1695 712 1749 et
726 1681 767 1749 ab
779 1707 839 1750 usu
847 1679 1008 1772 privilegii
1019 1679 1086 1748 aba·

26 1746 30 1831 l
81 1765 163 1835 tinere
173 1793 275 1860 posse.
291 1773 354 1838 Sed
367 1793 450 1862 resp.
462 1771 607 1861 obligant
616 1774 768 1858 omnino,
781 1785 890 1838 atnon
899 1783 1008 1837 tamen
1022 1769 1087 1860 pri·
1178 1823 1185 1834 ,

26 1864 27 1938 ξ
80 1855 247 1964 vilegiatos³
269 1856 333 1928 sed,
349 1861 490 1948 reliquos
504 1863 610 1943 cives,
626 1886 668 1928 ne
685 1861 805 1926 scilicet
819 1861 854 1928 bi
869 1856 1087 1950 privilegiatos
1196 1850 1205 1867 '

25 1951 27 2022 l
80 1941 106 2007 iu
124 1969 178 2013 usu
197 1947 361 2040 pravilegii
386 1951 434 2014 sui
460 1947 611 2034 turbent3
632 1964 664 2018 et
688 1949 808 2017 horum
833 1958 979 2038 respectu
1000 1961 1086 2014 recte

81 2032 214 2104 dicuntur
229 2041 327 2130 leges.
346 2048 390 2105 2⁰.
402 2039 469 2109 ,An
483 2038 630 2106 differant
644 2040 812 2131 privilegia
830 2052 863 2105 et
877 2041 951 2128 jura
971 2039 1086 2122 singu-

80 2119 167 2192 laria?
185 2125 250 2196 Res
278 2177 287 2194 .
307 2129 390 2196 Haec
401 2142 477 2196 suut
492 2125 643 2196 beneficia
656 2141 745 2196 certo
757 2145 968 2218 personarum
980 2125 1088 2196 ordini

25 2164 30 2333 ἔ
79 2215 190 2282 seruire
209 2242 228 2284 a
249 2151 322 2308 lege
345 2217 438 2300 data3
458 2217 502 2284 sic
523 2241 552 2284 e.
577 2241 609 2307 g.
627 2221 767 2285 minores
784 2215 927 2306 gaudent
948 2239 987 2286 eo
1009 2215 1088 2306 legis
1164 2298 1167 2307 Ι

26 2340 30 2385 :
79 2297 238 2388 beneficio,
259 2323 298 2374 ut
317 2309 437 2397 possint
457 2309 579 2374 restitui
592 2310 626 2374 in
638 2311 967 2398 integrum3uxores‚
981 2318 1021 2370 ut
1033 2329 1089 2398 ra7

25 2397 26 2400 ’
79 2391 149 2460 tione
159 2397 241 2464 dotis
255 2395 419 2486 gaudeant
435 2397 531 2468 tacita
546 2397 732 2489 hypotheca
746 2397 782 2462 in
801 2397 892 2464 bonis
905 2395 1033 2478 mariti,
1056 2406 1088 2463 et

80 2479 190 2570 aliquis
203 2483 418 2570 oreditoribus
441 2488 476 2552 in
499 2509 660 2554 concursu
675 2481 908 2578 praeferantur,
923 2498 1001 2568 eto,
1016 2485 1089 2576 jam

80 2566 134 2636 hacc
143 2575 215 2659 jura
229 2578 407 2672 singularia
418 2575 537 2644 ibidem
552 2578 720 2682 privilegia
735 2599 819 2666 saepe
834 2587 994 2644 vocantur
1008 2601 1016 2638 z
1032 2575 1089 2640 sed

80 2656 214 2730 differunt
240 2678 354 2732 tarum
382 2663 514 2755 proprie
529 2661 707 2755 'privilegia
744 2678 777 2732 et
800 2668 876 2754 jura
901 2663 1088 2752 singularia.

26 2758 27 2779 ¹
82 2756 116 2814 1⁰.
130 2751 213 2854 Quia
233 2756 306 2822 baso
325 2779 345 2820 a
366 2755 437 2844 lege
457 2753 577 2822 dantur
600 2759 697 2824 etiam
719 2779 786 2822 nnn
811 2755 1009 2846 petentibus,
1035 2753 1091 2820 illa

25 2807 31 2919 l
80 2845 248 2935 apnnupe
268 2843 471 2934 impetranda
489 2855 575 2910 sunt.
597 2855 641 2912 2⁰.
662 2843 722 2912 llla
738 2849 772 2912 iu
785 2843 926 2932 singulas
939 2865 1093 2936 personas

25 2948 31 3032 Ι
80 2931 319 3022 concipiuntur,
338 2931 475 3022 ideoque
492 2931 586 3000 dictae
601 2935 704 3025 privoe
719 2933 825 3020 leges:
839 2935 909 2998 haec
927 2933 961 2998 in
985 2931 1094 3022 plures

25 3055 31 3143 Ι
81 3035 215 3116 personas
225 3023 371 3112 ejusdem
381 3021 524 3104 ordinis,
542 3024 657 3106 unus,
670 3025 873 3090 conditionis.
891 3013 1018 3087 Primus
1029 3019 1093 3086 boo

25 3146 30 3209 3
82 3103 429 3187 ducrimenobservavit
440 3117 452 3176 ι’
465 3118 537 3182 πάνυ
552 3115 703 3204 Cujaoius
712 3162 726 3196 ‚
743 3109 826 3178 Obs.
842 3109 900 3178 lib.
915 3103 1005 3196 XV,
1016 3135 1044 3176 c.
1061 3113 1095 3178 8.

387 3263 551 3377 §.LXI
578 3275 612 3375 et
638 3253 777 3332 LXII.

118 3407 166 3474 llx
178 3413 365 3481 delinitione
376 3417 445 3502 jam
460 3426 573 3506 sponte
582 3415 654 3480 lluit
673 3414 943 3506 Prioilegn'orum
957 3411 1097 3484 atomos

84 3493 185 3574 Quum
204 3507 292 3568 enim
308 3505 475 3593 privilegia
492 3505 556 3570 sint
570 3503 834 3585 constitutiones,
851 3501 967 3591 quibus
989 3501 1098 3593 impe·

84 3604 148 3650 run
163 3591 212 3658 rel
225 3594 267 3658 ob
279 3594 454 3677 metitum,
471 3605 532 3660 eto.
549 3595 596 3684 (ς.
614 3593 677 3684 60)
689 3611 885 3682 consequens
899 3603 945 3658 est
959 3641 969 3672 ,
981 3603 1018 3657 ut
1032 3595 1099 3656 stuc

85 3673 128 3738 tel
146 3673 350 3765 saturabilia,
367 3685 418 3750 vel
431 3685 549 3750 odiosa.
568 3681 796 3751 Favoratitta
810 3694 906 3763 sunt,
921 3681 1038 3768 quibus
1053 3679 1102 3746 ob.

85 3764 186 3832 uerita
203 3771 326 3860 aliquid
348 3773 558 3862 indulgetur,
578 3795 607 3839 a.
626 3795 658 3860 g.
675 3773 729 3859 jus
744 3772 973 3859 monopolium
998 3790 1098 3840 exer-

88 3854 183 3932 cendi,
193 3858 412 3927 immunitasa
429 3863 573 3942 tributis,
588 3873 650 3927 cte.
661 3861 866 3950 Exemplum
877 3859 1099 3948 habemusap.

93 3937 127 4004 T·
141 3943 211 4014 Ltv.
226 3950 247 4014 l.
263 3953 324 4040 39,
344 3977 372 4018 c.
389 3975 441 4040 19,
455 3954 511 4018 ubi
527 3950 667 4042 llispalcc
685 3949 855 4026 Feceruuioe
864 3999 874 4036 ,
890 3945 1106 4021 obindicium*
