2756 4504
177 401 194 434 .·
207 373 271 441 DE
292 373 632 457 SERVITUTIBUS
655 361 1000 472 PRAEDIORUM·
1034 368 1096 456 5331

77 478 209 568 quidem
221 493 269 547 est
282 483 497 550 verissimum.
512 483 574 550 sed
584 485 671 570 quis,
688 504 814 572 quaro,
829 471 905 546 inde
919 479 1101 568 colligeret,

78 570 243 638 servientis
257 573 371 662 praedii
384 573 517 651 domino
534 573 695 638 ordinarie
712 569 899 636 incumbere
909 591 990 634 onus
1001 568 1102 634 refec—

75 658 187 742 tionis,
207 659 331 726 etiamsi
342 661 375 726 id
389 684 421 727 sa
434 673 658 752 suscepturum
670 683 737 726 non
749 657 956 749 promiserit?
971 659 1100 724 Miran-

79 745 164 812 dum
173 769 251 836 ergo
262 761 325 832 est,
344 751 431 818 viros
445 751 543 819 etiam
555 751 751 820 doctissimos
765 747 863 845 voluti
875 769 918 813 ex
932 757 1103 836 compaoto

78 835 170 904 huno
181 859 326 918 errorem
335 839 516 905 admittere.

119 980 204 1038 Talia
227 993 312 1054 pacta
333 982 566 1056 permittuntur,
585 1000 639 1039 ceu
657 991 737 1056 patet
758 999 793 1037 ex
813 992 868 1036 art.
896 961 974 1055 Q(
989 977 1046 1036 Sed
1066 959 1104 1035 alt

77 1061 258 1138 obligatione
270 1063 395 1120 faciendi
411 1083 441 1121 te
460 1063 595 1138 expedire
613 1063 752 1137 dominns
770 1059 873 1136 praedii
891 1059 1042 1117 servientis
1054 1061 1102 1116 fa-
1142 1122 1146 1128 ,

77 1143 133 1200 citt
148 1154 266 1218 potest,
284 1144 309 1202 si
320 1145 402 1201 malit
412 1147 468 1202 hoc
479 1145 624 1220 prndium
641 1136 845 1219 derelinquam
862 1141 983 1208 domino
1003 1139 1104 1217 predii

79 1223 268 1283 dominantis.
287 1227 357 1284 ibid.
368 1225 453 1292 Adde
469 1241 521 1285 art.
532 1225 593 1285 656.

431 1467 433 1472 ,
472 1387 502 1471 5.
526 1384 707 1452 ocoon.

124 1545 170 1612 Π.
183 1547 337 1615 Servitus
349 1549 440 1654 tigni
454 1550 663 1617 immittendi
673 1561 719 1616 est
729 1549 829 1626 altera
845 1571 887 1614 ex
901 1547 1042 1614 urbanis.
1054 1551 1105 1617 Ea

78 1647 126 1702 est
137 1637 209 1724 juo,
231 1659 298 1726 quo
322 1641 447 1706 vicinus
468 1640 537 1730 pati
555 1640 705 1726 cogitur,
726 1652 764 1704 ut
774 1635 892 1712 'meum
902 1638 1032 1724 tignum
1046 1661 1105 1708 suo

78 1727 195 1816 parieti
208 1727 390 1793 immissum
401 1728 438 1794 in
451 1751 489 1794 eo
501 1729 688 1815 requiescat.
700 1729 763 1794 Per
774 1729 903 1813 tignum
914 1739 1023 1792 autem
1038 1750 1106 1792 non

78 1815 180 1880 modo
193 1815 281 1880 trabs
291 1815 328 1880 in
338 1821 413 1904 jura
425 1829 535 1884 nostro
546 1813 754 1903 intelligitur,
770 1817 824 1882 aed
835 1817 941 1882 omnis
948 1818 1086 1889 materia
1093 1866 1103 1898 ,

80 1925 144 1990 qua
160 1904 293 1969 aedificia
313 1917 483 1988 con-alant,
501 1906 603 1972 veluti
622 1907 765 1996 lapides,
783 1904 926 1982 ferrum,
945 1917 1006 1970 etc.
1030 1905 1053 1970 t.
1075 1929 1105 1985 ν,

80 1993 111 2078 5.
126 2015 139 2056 a
150 2039 160 2074 ,
174 1991 221 2082 ff.
236 1993 277 2058 de
290 1995 386 2082 tigno
392 1996 531 2082 janot,
554 1996 577 2060 l.
596 1998 653 2080 62,
665 1993 713 2084 ff
730 1995 770 2060 de
787 1994 829 2058 V
826 2040 834 2056 .
850 1996 884 2062 S.
903 1995 992 2059 Hinc
1008 1991 1102 2059 facile

79 2091 170 2183 patet
176 2083 360 2168 ,quomodo
372 2083 442 2149 haeo
453 2085 587 2152 servitus
595 2086 636 2148 ab
644 2083 852 2149 antecedente
866 2075 1001 2148 differat.
1017 2083 1106 2147 Nam
1134 2127 1137 2132 -

77 2191 117 2234 in
130 2169 185 2236 illa
197 2181 302 2234 lotum
315 2171 488 2238 aedilicium
501 2195 612 2240 meum
625 2172 660 2236 in
672 2173 769 2239 vicini
780 2172 902 2260 parieta
914 2173 965 2238 vel
977 2172 1106 2236 colum·

81 2281 122 2322 na
130 2259 363 2349 requiescebam
374 2261 408 2325 in
417 2263 478 2328 hac
485 2312 495 2346 ,
509 2263 638 2349 tignum
647 2273 774 2351 tantum
788 2283 892 2327 unum
903 2262 955 2330 vel
967 2262 1108 2327 alterum
1144 2301 1147 2305 ·

81 2347 206 2418 ineunt
219 2349 418 2418 immittitur.
456 2433 460 2442 ³

352 2582 363 2610 ,
460 2521 492 2606 a.
520 2519 732 2588 ococnr.

127 2670 191 2748 111.
208 2671 361 2737 Servitus
375 2671 585 2760 prty‘iciendi
596 2685 641 2739 est
652 2675 728 2763 jus,
743 2695 810 2762 quo
824 2673 955 2764 vicinus¹
970 2677 1038 2766 pati
1052 2700 1109 2744 oo-

83 2761 193 2850 gitur,
214 2771 251 2824 ut
268 2773 394 2850 partem
415 2763 536 2826 aedium
556 2785 704 2828 mearum
725 2764 768 2830 ita
788 2765 966 2854 provehere
990 2768 1111 2854 possim

83 2857 183 2940 super
199 2849 298 2940 ipsius
326 2871 455 2932 aream,
478 2863 697 2940 utnusquam
720 2851 754 2916 in
775 2875 811 2917 ea
833 2855 1030 2940 requiescat,
1055 2855 1109 2918 sod

84 2952 212 3005 rantum
228 2939 275 3002 illi
293 2939 473 3005 imminent.
489 2941 600 3020 Partes
613 2939 800 3028 hujusmodi
817 2945 970 3030 projectae
983 2945 1019 3008 in
1032 2944 1107 3029 jure

84 3039 195 3094 nostro
207 3039 368 3093 vocantur
378 3027 564 3094 Maeniana
580 3030 632 3094 vel
646 3031 884 3119 suggrundia,
900 3033 923 3097 l.
937 3029 1001 3098 242
1010 3081 1019 3114 ‚
1033 3033 1063 3117 ς.
1083 3055 1108 3111 t,

76 3117 123 3208 ff
137 3117 179 3184 de
192 3116 227 3183 V
232 3162 242 3182 .
255 3117 496 3209 &Exemplum
506 3117 603 3184 habes
613 3120 649 3184 in
660 3121 842 3203 schemate,
859 3121 915 3188 ubi
930 3120 966 3188 A
977 3133 1023 3187 eat
1035 3142 1110 3191 area
