<?xml version="1.0" encoding="UTF-8"?>
<!DOCTYPE html PUBLIC "-//W3C//DTD XHTML 1.0 Transitional//EN"
    "http://www.w3.org/TR/xhtml1/DTD/xhtml1-transitional.dtd">
<html xmlns="http://www.w3.org/1999/xhtml" xml:lang="en" lang="en">
 <head>
  <title>
</title>
<meta http-equiv="Content-Type" content="text/html;charset=utf-8" />
  <meta name='ocr-system' content='tesseract 3.04.00' />
  <meta name='ocr-capabilities' content='ocr_page ocr_carea ocr_par ocr_line ocrx_word'/>
</head>
<body>
  <div class='ocr_page' id='page_1' title='image "./recitationesine00heingoog_0121.png"; bbox 0 0 2646 4496; ppageno 0'>
   <div class='ocr_carea' id='block_1_1' title="bbox 219 342 978 580">
    <p class='ocr_par' dir='ltr' id='par_1_1' title="bbox 219 342 978 580">
     <span class='ocr_line' id='line_1_1' title="bbox 219 342 978 432; baseline -0.007 -14"><span class='ocrx_word' id='word_1_1' title='bbox 219 345 283 418; x_wconf 73' lang='lat'>1⁶4</span> <span class='ocrx_word' id='word_1_2' title='bbox 389 351 393 360; x_wconf 90' lang='lat'><strong>·</strong></span> <span class='ocrx_word' id='word_1_3' title='bbox 517 342 978 432; x_wconf 56' lang='lat' dir='ltr'>urrunnrrrn.</span> 
     </span>
     <span class='ocr_line' id='line_1_2' title="bbox 399 487 849 580; baseline -0.004 -20"><span class='ocrx_word' id='word_1_4' title='bbox 399 487 403 494; x_wconf 88' lang='grc'><em>·</em></span> <span class='ocrx_word' id='word_1_5' title='bbox 612 491 849 580; x_wconf 70' lang='lat' dir='ltr'>§.curin</span> 
     </span>
    </p>
   </div>
   <div class='ocr_carea' id='block_1_2' title="bbox 213 618 1310 1336">
    <p class='ocr_par' dir='ltr' id='par_1_2' title="bbox 214 618 1240 874">
     <span class='ocr_line' id='line_1_3' title="bbox 260 618 1236 712; baseline -0.004 -22"><span class='ocrx_word' id='word_1_6' title='bbox 260 623 428 690; x_wconf 78' lang='lat' dir='ltr'><strong>Hactenus</strong></span> <span class='ocrx_word' id='word_1_7' title='bbox 449 620 727 712; x_wconf 87' lang='lat' dir='ltr'>computationem</span> <span class='ocrx_word' id='word_1_8' title='bbox 748 622 912 708; x_wconf 83' lang='lat' dir='ltr'>graduum</span> <span class='ocrx_word' id='word_1_9' title='bbox 932 620 1084 688; x_wconf 86' lang='lat' dir='ltr'>vidimus.</span> <span class='ocrx_word' id='word_1_10' title='bbox 1105 619 1178 686; x_wconf 86' lang='lat' dir='ltr'>lam</span> <span class='ocrx_word' id='word_1_11' title='bbox 1195 618 1236 708; x_wconf 69' lang='lat' dir='ltr'>(a)</span> 
     </span>
     <span class='ocr_line' id='line_1_4' title="bbox 214 709 1240 800; baseline -0.007 -21"><span class='ocrx_word' id='word_1_12' title='bbox 214 713 258 779; x_wconf 87' lang='lat' dir='ltr'>ad</span> <span class='ocrx_word' id='word_1_13' title='bbox 272 712 409 800; x_wconf 79' lang='lat' dir='ltr'>regulas</span> <span class='ocrx_word' id='word_1_14' title='bbox 420 709 664 800; x_wconf 79' lang='lat' dir='ltr'><strong>progredimur,</strong></span> <span class='ocrx_word' id='word_1_15' title='bbox 676 731 749 798; x_wconf 80' lang='lat' dir='ltr'>quoe</span> <span class='ocrx_word' id='word_1_16' title='bbox 757 712 847 776; x_wconf 81' lang='lat' dir='ltr'>circa</span> <span class='ocrx_word' id='word_1_17' title='bbox 856 710 1240 800; x_wconf 69' lang='lat' dir='ltr'>ipisumprolribitionem</span> 
     </span>
     <span class='ocr_line' id='line_1_5' title="bbox 215 799 848 874; baseline -0.005 -6"><span class='ocrx_word' id='word_1_18' title='bbox 215 813 292 870; x_wconf 85' lang='lat' dir='ltr'>suut</span> <span class='ocrx_word' id='word_1_19' title='bbox 307 799 525 870; x_wconf 75' lang='lat' dir='ltr'>observandae·</span> <span class='ocrx_word' id='word_1_20' title='bbox 846 866 848 874; x_wconf 25' lang='lat' dir='ltr'><em>s</em></span> 
     </span>
    </p>

    <p class='ocr_par' dir='ltr' id='par_1_3' title="bbox 213 887 1312 1350">
     <span class='ocr_line' id='line_1_6' title="bbox 265 887 1241 978; baseline -0.004 -24"><span class='ocrx_word' id='word_1_21' title='bbox 265 897 309 955; x_wconf 89' lang='lat'>1⁰.</span> <span class='ocrx_word' id='word_1_22' title='bbox 331 889 482 978; x_wconf 74' lang='lat' dir='ltr'>Nuptiae</span> <span class='ocrx_word' id='word_1_23' title='bbox 512 889 603 954; x_wconf 81' lang='lat' dir='ltr'>inter</span> <span class='ocrx_word' id='word_1_24' title='bbox 623 887 863 964; x_wconf 69' lang='lat' dir='ltr'>adscendentes</span> <span class='ocrx_word' id='word_1_25' title='bbox 889 900 921 952; x_wconf 83' lang='lat' dir='ltr'>et</span> <span class='ocrx_word' id='word_1_26' title='bbox 947 888 1182 954; x_wconf 66' lang='lat' dir='ltr'>descendentes</span> <span class='ocrx_word' id='word_1_27' title='bbox 1206 887 1241 950; x_wconf 86' lang='lat' dir='ltr'>in</span> 
     </span>
     <span class='ocr_line' id='line_1_7' title="bbox 217 911 1310 1068; baseline 0 -22"><span class='ocrx_word' id='word_1_28' title='bbox 217 980 311 1046; x_wconf 79' lang='lat' dir='ltr'>linea</span> <span class='ocrx_word' id='word_1_29' title='bbox 324 981 416 1044; x_wconf 78' lang='lat' dir='ltr'>rectu</span> <span class='ocrx_word' id='word_1_30' title='bbox 432 979 470 1046; x_wconf 87' lang='lat' dir='ltr'>in</span> <span class='ocrx_word' id='word_1_31' title='bbox 491 974 669 1068; x_wconf 76' lang='lat' dir='ltr'>irfinitum</span> <span class='ocrx_word' id='word_1_32' title='bbox 682 975 1028 1065; x_wconf 58' lang='lat' dir='ltr'>ptolemaeum</span> <span class='ocrx_word' id='word_1_33' title='bbox 1044 979 1131 1042; x_wconf 85' lang='lat' dir='ltr'>hanc</span> <span class='ocrx_word' id='word_1_34' title='bbox 1145 998 1240 1063; x_wconf 73' lang='lat' dir='ltr'>regu-</span> <span class='ocrx_word' id='word_1_35' title='bbox 1308 911 1310 1046; x_wconf 87' lang='lat' dir='ltr'>l</span> 
     </span>
     <span class='ocr_line' id='line_1_8' title="bbox 215 1063 1238 1156; baseline -0.005 -22"><span class='ocrx_word' id='word_1_36' title='bbox 215 1069 284 1134; x_wconf 91' lang='lat' dir='ltr'>lam</span> <span class='ocrx_word' id='word_1_37' title='bbox 304 1067 414 1136; x_wconf 88' lang='lat' dir='ltr'>omnia</span> <span class='ocrx_word' id='word_1_38' title='bbox 433 1069 509 1154; x_wconf 86' lang='lat' dir='ltr'>jura</span> <span class='ocrx_word' id='word_1_39' title='bbox 530 1063 738 1156; x_wconf 82' lang='lat' dir='ltr'>conspirant:</span> <span class='ocrx_word' id='word_1_40' title='bbox 752 1065 900 1132; x_wconf 80' lang='lat' dir='ltr'>diuinum</span> <span class='ocrx_word' id='word_1_41' title='bbox 920 1067 1003 1132; x_wconf 79' lang='lat' dir='ltr'>Lar.</span> <span class='ocrx_word' id='word_1_42' title='bbox 1016 1067 1185 1143; x_wconf 89' lang='lat' dir='ltr'><em>XVIII,</em></span> <span class='ocrx_word' id='word_1_43' title='bbox 1198 1089 1238 1150; x_wconf 83' lang='lat'>¹7,</span> 
     </span>
     <span class='ocr_line' id='line_1_9' title="bbox 213 1155 1240 1244; baseline -0.004 -22"><span class='ocrx_word' id='word_1_44' title='bbox 213 1157 328 1222; x_wconf 87' lang='lat' dir='ltr'>itidem</span> <span class='ocrx_word' id='word_1_45' title='bbox 350 1157 395 1221; x_wconf 91' lang='lat' dir='ltr'>ita</span> <span class='ocrx_word' id='word_1_46' title='bbox 421 1155 538 1220; x_wconf 86' lang='lat' dir='ltr'>merito</span> <span class='ocrx_word' id='word_1_47' title='bbox 566 1156 769 1244; x_wconf 80' lang='lat' dir='ltr'>explicatur,</span> <span class='ocrx_word' id='word_1_48' title='bbox 792 1156 881 1241; x_wconf 88' lang='lat' dir='ltr'>quod</span> <span class='ocrx_word' id='word_1_49' title='bbox 905 1177 1018 1220; x_wconf 87' lang='lat' dir='ltr'>omnes</span> <span class='ocrx_word' id='word_1_50' title='bbox 1043 1157 1099 1221; x_wconf 87' lang='lat' dir='ltr'>hae</span> <span class='ocrx_word' id='word_1_51' title='bbox 1122 1155 1240 1242; x_wconf 74' lang='lat' dir='ltr'>nuptiae</span> 
     </span>
     <span class='ocr_line' id='line_1_10' title="bbox 214 1240 1238 1336; baseline -0.005 -26"><span class='ocrx_word' id='word_1_52' title='bbox 214 1246 387 1336; x_wconf 81' lang='lat' dir='ltr'>prohibitee</span> <span class='ocrx_word' id='word_1_53' title='bbox 405 1245 479 1310; x_wconf 88' lang='lat' dir='ltr'>sint.</span> <span class='ocrx_word' id='word_1_54' title='bbox 500 1243 645 1308; x_wconf 91' lang='lat' dir='ltr'>Additur</span> <span class='ocrx_word' id='word_1_55' title='bbox 665 1245 702 1308; x_wconf 85' lang='lat' dir='ltr'>in</span> <span class='ocrx_word' id='word_1_56' title='bbox 720 1240 915 1326; x_wconf 75' lang='lat' dir='ltr'>infinitum,</span> <span class='ocrx_word' id='word_1_57' title='bbox 937 1256 973 1308; x_wconf 88' lang='lat' dir='ltr'>ut</span> <span class='ocrx_word' id='word_1_58' title='bbox 992 1245 1143 1310; x_wconf 81' lang='lat' dir='ltr'>interesse</span> <span class='ocrx_word' id='word_1_59' title='bbox 1162 1243 1238 1308; x_wconf 90' lang='lat' dir='ltr'>nihil</span> 
     </span>
    </p>
   </div>
   <div class='ocr_carea' id='block_1_3' title="bbox 52 1333 1312 1420">
    <p class='ocr_par' dir='ltr' id='par_1_4' title="bbox 52 1333 1312 1420">
     <span class='ocr_line' id='line_1_11' title="bbox 52 1333 1312 1420; baseline -0.008 -17"><span class='ocrx_word' id='word_1_60' title='bbox 52 1397 55 1403; x_wconf 89' lang='lat'><em>.</em></span> <span class='ocrx_word' id='word_1_61' title='bbox 157 1413 161 1418; x_wconf 40' lang='grc'>,</span> <span class='ocrx_word' id='word_1_62' title='bbox 215 1336 664 1420; x_wconf 85' lang='lat' dir='ltr'>ostendatur‚quutoouuque</span> <span class='ocrx_word' id='word_1_63' title='bbox 678 1333 781 1419; x_wconf 84' lang='lat' dir='ltr'>gradu</span> <span class='ocrx_word' id='word_1_64' title='bbox 794 1335 868 1398; x_wconf 86' lang='lat' dir='ltr'>siut.</span> <span class='ocrx_word' id='word_1_65' title='bbox 885 1335 938 1397; x_wconf 83' lang='lat' dir='ltr'>Sic</span> <span class='ocrx_word' id='word_1_66' title='bbox 951 1356 979 1396; x_wconf 91' lang='lat' dir='ltr'>e.</span> <span class='ocrx_word' id='word_1_67' title='bbox 996 1355 1028 1419; x_wconf 89' lang='lat' dir='ltr'>g.</span> <span class='ocrx_word' id='word_1_68' title='bbox 1041 1333 1166 1398; x_wconf 87' lang='lat' dir='ltr'>Atavia</span> <span class='ocrx_word' id='word_1_69' title='bbox 1176 1355 1238 1396; x_wconf 89' lang='lat' dir='ltr'>nou</span> <span class='ocrx_word' id='word_1_70' title='bbox 1311 1363 1312 1380; x_wconf 36' lang='grc' dir='ltr'><strong>κ</strong></span> 
     </span>
    </p>
   </div>
   <div class='ocr_carea' id='block_1_4' title="bbox 210 1412 1317 2144">
    <p class='ocr_par' dir='ltr' id='par_1_5' title="bbox 210 1412 1314 1770">
     <span class='ocr_line' id='line_1_12' title="bbox 214 1412 1313 1511; baseline -0.005 -23"><span class='ocrx_word' id='word_1_71' title='bbox 214 1425 318 1510; x_wconf 86' lang='lat' dir='ltr'>magis</span> <span class='ocrx_word' id='word_1_72' title='bbox 333 1425 453 1488; x_wconf 91' lang='lat' dir='ltr'>nubere</span> <span class='ocrx_word' id='word_1_73' title='bbox 469 1422 586 1511; x_wconf 85' lang='lat' dir='ltr'>poterit</span> <span class='ocrx_word' id='word_1_74' title='bbox 600 1422 770 1510; x_wconf 89' lang='lat' dir='ltr'>abnepoti,</span> <span class='ocrx_word' id='word_1_75' title='bbox 780 1445 882 1508; x_wconf 89' lang='lat' dir='ltr'>quam</span> <span class='ocrx_word' id='word_1_76' title='bbox 892 1424 962 1486; x_wconf 88' lang='lat' dir='ltr'>avia</span> <span class='ocrx_word' id='word_1_77' title='bbox 978 1423 1091 1508; x_wconf 81' lang='lat' dir='ltr'><strong>nepoti</strong></span> <span class='ocrx_word' id='word_1_78' title='bbox 1105 1422 1156 1487; x_wconf 88' lang='lat' dir='ltr'>vel</span> <span class='ocrx_word' id='word_1_79' title='bbox 1170 1443 1239 1484; x_wconf 81' lang='lat' dir='ltr'>ma·</span> <span class='ocrx_word' id='word_1_80' title='bbox 1312 1412 1313 1500; x_wconf 80' lang='lat' dir='ltr'>l</span> 
     </span>
     <span class='ocr_line' id='line_1_13' title="bbox 214 1511 1313 1598; baseline -0.007 -22"><span class='ocrx_word' id='word_1_81' title='bbox 214 1525 266 1578; x_wconf 86' lang='lat' dir='ltr'>ter</span> <span class='ocrx_word' id='word_1_82' title='bbox 279 1513 358 1576; x_wconf 89' lang='lat' dir='ltr'>lilio.</span> <span class='ocrx_word' id='word_1_83' title='bbox 382 1514 455 1575; x_wconf 87' lang='lat' dir='ltr'>lmo</span> <span class='ocrx_word' id='word_1_84' title='bbox 473 1511 552 1575; x_wconf 88' lang='lat' dir='ltr'>solet</span> <span class='ocrx_word' id='word_1_85' title='bbox 571 1513 641 1576; x_wconf 85' lang='lat' dir='ltr'>haec</span> <span class='ocrx_word' id='word_1_86' title='bbox 659 1511 770 1596; x_wconf 81' lang='lat' dir='ltr'>regula</span> <span class='ocrx_word' id='word_1_87' title='bbox 790 1533 828 1573; x_wconf 94' lang='lat' dir='ltr'>eo</span> <span class='ocrx_word' id='word_1_88' title='bbox 849 1511 1002 1598; x_wconf 82' lang='lat' dir='ltr'>exemplo</span> <span class='ocrx_word' id='word_1_89' title='bbox 1021 1512 1239 1598; x_wconf 74' lang='lat' dir='ltr'>pereleganter</span> <span class='ocrx_word' id='word_1_90' title='bbox 1312 1511 1313 1568; x_wconf 83' lang='lat' dir='ltr'>J</span> 
     </span>
     <span class='ocr_line' id='line_1_14' title="bbox 213 1580 1314 1687; baseline -0.006 -21"><span class='ocrx_word' id='word_1_91' title='bbox 213 1601 388 1680; x_wconf 87' lang='lat' dir='ltr'>illustrari,</span> <span class='ocrx_word' id='word_1_92' title='bbox 418 1601 523 1687; x_wconf 88' lang='lat' dir='ltr'>quod,</span> <span class='ocrx_word' id='word_1_93' title='bbox 538 1600 578 1664; x_wconf 88' lang='lat' dir='ltr'>&#39;si</span> <span class='ocrx_word' id='word_1_94' title='bbox 603 1599 755 1664; x_wconf 83' lang='lat' dir='ltr'>Adamas</span> <span class='ocrx_word' id='word_1_95' title='bbox 777 1621 846 1668; x_wconf 81' lang='lat' dir='ltr'>non</span> <span class='ocrx_word' id='word_1_96' title='bbox 872 1600 1016 1666; x_wconf 71' lang='lat' dir='ltr'>violasset</span> <span class='ocrx_word' id='word_1_97' title='bbox 1041 1610 1239 1686; x_wconf 80' lang='lat' dir='ltr'>praeceptum</span> <span class='ocrx_word' id='word_1_98' title='bbox 1313 1580 1314 1672; x_wconf 80' lang='lat' dir='ltr'>l</span> 
     </span>
     <span class='ocr_line' id='line_1_15' title="bbox 210 1684 1239 1770; baseline -0.004 -16"><span class='ocrx_word' id='word_1_99' title='bbox 210 1691 361 1755; x_wconf 88' lang='lat' dir='ltr'>divinum</span> <span class='ocrx_word' id='word_1_100' title='bbox 380 1691 419 1754; x_wconf 90' lang='lat' dir='ltr'>de</span> <span class='ocrx_word' id='word_1_101' title='bbox 432 1705 510 1752; x_wconf 70' lang='lat' dir='ltr'>&#39;non</span> <span class='ocrx_word' id='word_1_102' title='bbox 530 1687 729 1754; x_wconf 88' lang='lat' dir='ltr'>comedendo</span> <span class='ocrx_word' id='word_1_103' title='bbox 748 1684 859 1752; x_wconf 84' lang='lat' dir='ltr'>fructu</span> <span class='ocrx_word' id='word_1_104' title='bbox 880 1689 1020 1770; x_wconf 86' lang='lat' dir='ltr'>arboris,</span> <span class='ocrx_word' id='word_1_105' title='bbox 1036 1691 1111 1756; x_wconf 84' lang='lat' dir='ltr'>Eva</span> <span class='ocrx_word' id='word_1_106' title='bbox 1134 1698 1239 1755; x_wconf 88' lang='lat' dir='ltr'>autem</span> 
     </span>
    </p>

    <p class='ocr_par' dir='ltr' id='par_1_6' title="bbox 211 1746 1317 2144">
     <span class='ocr_line' id='line_1_16' title="bbox 212 1746 1315 1864; baseline -0.008 -20"><span class='ocrx_word' id='word_1_107' title='bbox 212 1780 381 1859; x_wconf 80' lang='lat' dir='ltr'>violasset,</span> <span class='ocrx_word' id='word_1_108' title='bbox 413 1778 557 1864; x_wconf 81' lang='lat' dir='ltr'>adeoque</span> <span class='ocrx_word' id='word_1_109' title='bbox 585 1788 714 1840; x_wconf 89' lang='lat' dir='ltr'>mortua</span> <span class='ocrx_word' id='word_1_110' title='bbox 737 1788 838 1856; x_wconf 88' lang='lat' dir='ltr'>esset,</span> <span class='ocrx_word' id='word_1_111' title='bbox 867 1777 920 1840; x_wconf 92' lang='lat' dir='ltr'>hic</span> <span class='ocrx_word' id='word_1_112' title='bbox 945 1777 978 1840; x_wconf 88' lang='lat' dir='ltr'>in</span> <span class='ocrx_word' id='word_1_113' title='bbox 1001 1789 1081 1852; x_wconf 62' lang='lat' dir='ltr'>totov</span> <span class='ocrx_word' id='word_1_114' title='bbox 1095 1777 1239 1843; x_wconf 84' lang='lat' dir='ltr'>humano</span> <span class='ocrx_word' id='word_1_115' title='bbox 1314 1746 1315 1804; x_wconf 73' lang='lat' dir='ltr'>l</span> 
     </span>
     <span class='ocr_line' id='line_1_17' title="bbox 212 1865 1316 1962; baseline -0.005 -29"><span class='ocrx_word' id='word_1_116' title='bbox 212 1889 328 1954; x_wconf 83' lang='lat' dir='ltr'>genere</span> <span class='ocrx_word' id='word_1_117' title='bbox 341 1867 517 1934; x_wconf 88' lang='lat' dir='ltr'>secundam</span> <span class='ocrx_word' id='word_1_118' title='bbox 533 1887 673 1930; x_wconf 83' lang='lat' dir='ltr'>uxorem</span> <span class='ocrx_word' id='word_1_119' title='bbox 689 1887 756 1932; x_wconf 87' lang='lat' dir='ltr'>non</span> <span class='ocrx_word' id='word_1_120' title='bbox 768 1865 854 1930; x_wconf 85' lang='lat' dir='ltr'>sitre</span> <span class='ocrx_word' id='word_1_121' title='bbox 878 1878 1023 1948; x_wconf 73' lang='lat' dir='ltr'>citurus,</span> <span class='ocrx_word' id='word_1_122' title='bbox 1039 1865 1117 1955; x_wconf 87' lang='lat' dir='ltr'>quia</span> <span class='ocrx_word' id='word_1_123' title='bbox 1133 1885 1240 1930; x_wconf 80' lang='lat' dir='ltr'>omnes</span> <span class='ocrx_word' id='word_1_124' title='bbox 1315 1912 1316 1962; x_wconf 34' lang='lat' dir='ltr'>p</span> 
     </span>
     <span class='ocr_line' id='line_1_18' title="bbox 211 1890 1316 2044; baseline -0.005 -22"><span class='ocrx_word' id='word_1_125' title='bbox 211 1958 359 2022; x_wconf 87' lang='lat' dir='ltr'>homines</span> <span class='ocrx_word' id='word_1_126' title='bbox 369 1957 433 2020; x_wconf 85' lang='lat' dir='ltr'>sint</span> <span class='ocrx_word' id='word_1_127' title='bbox 443 1956 667 2021; x_wconf 81' lang='lat' dir='ltr'>descendentes</span> <span class='ocrx_word' id='word_1_128' title='bbox 682 1967 827 2043; x_wconf 88' lang='lat' dir='ltr'>respectu</span> <span class='ocrx_word' id='word_1_129' title='bbox 842 1890 968 2020; x_wconf 58' lang='lat' dir='ltr'>‚idami</span> <span class='ocrx_word' id='word_1_130' title='bbox 977 2006 987 2038; x_wconf 89' lang='lat'>,</span> <span class='ocrx_word' id='word_1_131' title='bbox 1002 1955 1157 2044; x_wconf 86' lang='lat' dir='ltr'>quamvis</span> <span class='ocrx_word' id='word_1_132' title='bbox 1168 1975 1239 2044; x_wconf 86' lang='lat' dir='ltr'>gra·</span> <span class='ocrx_word' id='word_1_133' title='bbox 1315 1963 1316 1996; x_wconf 64' lang='lat'><em>³</em></span> 
     </span>
     <span class='ocr_line' id='line_1_19' title="bbox 214 2043 1317 2144; baseline -0.005 -34"><span class='ocrx_word' id='word_1_134' title='bbox 214 2047 422 2134; x_wconf 76' lang='lat' dir='ltr'>‹libusquam</span> <span class='ocrx_word' id='word_1_135' title='bbox 437 2043 588 2132; x_wconf 86' lang='lat' dir='ltr'>plurimis</span> <span class='ocrx_word' id='word_1_136' title='bbox 604 2045 732 2112; x_wconf 87' lang='lat' dir='ltr'>remoti.</span> <span class='ocrx_word' id='word_1_137' title='bbox 1098 2049 1103 2058; x_wconf 91' lang='lat'>&#39;</span> <span class='ocrx_word' id='word_1_138' title='bbox 1144 2067 1151 2082; x_wconf 75' lang='lat'><strong><em>¹</em></strong></span> <span class='ocrx_word' id='word_1_139' title='bbox 1316 2080 1317 2144; x_wconf 65' lang='lat' dir='ltr'>l</span> 
     </span>
    </p>
   </div>
   <div class='ocr_carea' id='block_1_5' title="bbox 256 2173 829 2398">
    <p class='ocr_par' dir='ltr' id='par_1_7' title="bbox 256 2173 829 2398">
     <span class='ocr_line' id='line_1_20' title="bbox 256 2173 725 2250; baseline -0.009 -16"><span class='ocrx_word' id='word_1_140' title='bbox 256 2177 301 2234; x_wconf 84' lang='lat' dir='ltr'>lta</span> <span class='ocrx_word' id='word_1_141' title='bbox 316 2175 405 2250; x_wconf 79' lang='lat' dir='ltr'>plane</span> <span class='ocrx_word' id='word_1_142' title='bbox 419 2174 491 2244; x_wconf 80' lang='lat' dir='ltr'><em>Cod.</em></span> <span class='ocrx_word' id='word_1_143' title='bbox 503 2176 584 2249; x_wconf 76' lang='lat' dir='ltr'>Nep.</span> <span class='ocrx_word' id='word_1_144' title='bbox 601 2187 656 2232; x_wconf 78' lang='lat' dir='ltr'>an.</span> <span class='ocrx_word' id='word_1_145' title='bbox 669 2173 725 2232; x_wconf 66' lang='lat'>161.</span> 
     </span>
     <span class='ocr_line' id='line_1_21' title="bbox 604 2311 829 2398; baseline -0.004 -19"><span class='ocrx_word' id='word_1_146' title='bbox 604 2332 607 2340; x_wconf 59' lang='grc'><em>»</em></span> <span class='ocrx_word' id='word_1_147' title='bbox 629 2313 660 2398; x_wconf 76' lang='grc' dir='ltr'>ς.</span> <span class='ocrx_word' id='word_1_148' title='bbox 684 2311 829 2382; x_wconf 77' lang='lat' dir='ltr'>eulx,</span> 
     </span>
    </p>
   </div>
   <div class='ocr_carea' id='block_1_6' title="bbox 211 2455 1241 2908">
    <p class='ocr_par' dir='ltr' id='par_1_8' title="bbox 211 2455 1241 2908">
     <span class='ocr_line' id='line_1_22' title="bbox 261 2455 1241 2549; baseline 0 -23"><span class='ocrx_word' id='word_1_149' title='bbox 261 2468 307 2526; x_wconf 65' lang='grc' dir='ltr'>π’).</span> <span class='ocrx_word' id='word_1_150' title='bbox 334 2462 381 2526; x_wconf 87' lang='lat' dir='ltr'>In</span> <span class='ocrx_word' id='word_1_151' title='bbox 402 2461 494 2526; x_wconf 86' lang='lat' dir='ltr'>linea</span> <span class='ocrx_word' id='word_1_152' title='bbox 512 2459 650 2549; x_wconf 82' lang='lat' dir='ltr'>obliqua</span> <span class='ocrx_word' id='word_1_153' title='bbox 662 2463 747 2544; x_wconf 84' lang='lat' dir='ltr'>jura</span> <span class='ocrx_word' id='word_1_154' title='bbox 769 2455 863 2525; x_wconf 84' lang='lat' dir='ltr'>civili</span> <span class='ocrx_word' id='word_1_155' title='bbox 881 2462 1050 2527; x_wconf 79' lang='lat' dir='ltr'>secundus</span> <span class='ocrx_word' id='word_1_156' title='bbox 1069 2475 1103 2527; x_wconf 78' lang='lat' dir='ltr'>et</span> <span class='ocrx_word' id='word_1_157' title='bbox 1124 2462 1241 2530; x_wconf 80' lang='lat' dir='ltr'>tertius</span> 
     </span>
     <span class='ocr_line' id='line_1_23' title="bbox 211 2549 1240 2641; baseline 0.002 -27"><span class='ocrx_word' id='word_1_158' title='bbox 211 2549 347 2641; x_wconf 72' lang='lat' dir='ltr'>gradus</span> <span class='ocrx_word' id='word_1_159' title='bbox 357 2571 489 2636; x_wconf 80' lang='lat' dir='ltr'>semper</span> <span class='ocrx_word' id='word_1_160' title='bbox 501 2560 551 2613; x_wconf 82' lang='lat' dir='ltr'>est</span> <span class='ocrx_word' id='word_1_161' title='bbox 558 2549 917 2637; x_wconf 74' lang='lat' dir='ltr'>proicibilus‚quarlus</span> <span class='ocrx_word' id='word_1_162' title='bbox 928 2563 960 2615; x_wconf 80' lang='lat' dir='ltr'>st</span> <span class='ocrx_word' id='word_1_163' title='bbox 971 2551 1094 2639; x_wconf 81' lang='lat' dir='ltr'>reliqui</span> <span class='ocrx_word' id='word_1_164' title='bbox 1105 2564 1240 2618; x_wconf 82' lang='lat' dir='ltr'>tantum</span> 
     </span>
     <span class='ocr_line' id='line_1_24' title="bbox 215 2636 1240 2726; baseline 0.001 -22"><span class='ocrx_word' id='word_1_165' title='bbox 215 2636 306 2705; x_wconf 82' lang='lat' dir='ltr'>inter</span> <span class='ocrx_word' id='word_1_166' title='bbox 315 2662 371 2702; x_wconf 78' lang='lat' dir='ltr'>eus</span> <span class='ocrx_word' id='word_1_167' title='bbox 378 2661 546 2724; x_wconf 83' lang='lat' dir='ltr'>personas</span> <span class='ocrx_word' id='word_1_168' title='bbox 552 2687 563 2716; x_wconf 89' lang='lat'><em>,</em></span> <span class='ocrx_word' id='word_1_169' title='bbox 579 2660 657 2726; x_wconf 82' lang='lat' dir='ltr'>quae</span> <span class='ocrx_word' id='word_1_170' title='bbox 671 2638 738 2708; x_wconf 82' lang='lat' dir='ltr'>sibi</span> <span class='ocrx_word' id='word_1_171' title='bbox 751 2638 896 2702; x_wconf 69' lang='lat' dir='ltr'>invicem</span> <span class='ocrx_word' id='word_1_172' title='bbox 904 2651 1095 2725; x_wconf 78' lang='lat' dir='ltr'>parentum</span> <span class='ocrx_word' id='word_1_173' title='bbox 1112 2653 1145 2708; x_wconf 81' lang='lat' dir='ltr'>et</span> <span class='ocrx_word' id='word_1_174' title='bbox 1157 2641 1240 2706; x_wconf 83' lang='lat' dir='ltr'>libe·</span> 
     </span>
     <span class='ocr_line' id='line_1_25' title="bbox 214 2727 1238 2832; baseline -0.004 -37"><span class='ocrx_word' id='word_1_175' title='bbox 214 2751 333 2795; x_wconf 81' lang='lat' dir='ltr'>rorum</span> <span class='ocrx_word' id='word_1_176' title='bbox 352 2728 530 2804; x_wconf 72' lang='lat' dir='ltr'>lacuerint,</span> <span class='ocrx_word' id='word_1_177' title='bbox 544 2727 610 2800; x_wconf 73' lang='lat' dir='ltr'>te.</span> <span class='ocrx_word' id='word_1_178' title='bbox 630 2727 714 2792; x_wconf 88' lang='lat' dir='ltr'>inter</span> <span class='ocrx_word' id='word_1_179' title='bbox 731 2749 810 2814; x_wconf 86' lang='lat' dir='ltr'>quas</span> <span class='ocrx_word' id='word_1_180' title='bbox 824 2738 869 2790; x_wconf 87' lang='lat' dir='ltr'>cst</span> <span class='ocrx_word' id='word_1_181' title='bbox 880 2740 1045 2816; x_wconf 83' lang='lat' dir='ltr'>respectus</span> <span class='ocrx_word' id='word_1_182' title='bbox 1057 2730 1238 2832; x_wconf 76' lang='lat' dir='ltr'>parentelae.</span> 
     </span>
     <span class='ocr_line' id='line_1_26' title="bbox 214 2813 1239 2908; baseline -0.001 -26"><span class='ocrx_word' id='word_1_183' title='bbox 214 2818 386 2896; x_wconf 79' lang='lat' dir='ltr'>Diximus,</span> <span class='ocrx_word' id='word_1_184' title='bbox 408 2817 443 2880; x_wconf 89' lang='lat' dir='ltr'>in</span> <span class='ocrx_word' id='word_1_185' title='bbox 463 2815 604 2880; x_wconf 88' lang='lat' dir='ltr'>secundo</span> <span class='ocrx_word' id='word_1_186' title='bbox 624 2815 728 2903; x_wconf 86' lang='lat' dir='ltr'>gradu</span> <span class='ocrx_word' id='word_1_187' title='bbox 753 2813 879 2906; x_wconf 85' lang='lat' dir='ltr'>semper</span> <span class='ocrx_word' id='word_1_188' title='bbox 904 2817 1069 2904; x_wconf 84' lang='lat' dir='ltr'>prohiberi</span> <span class='ocrx_word' id='word_1_189' title='bbox 1092 2819 1239 2908; x_wconf 84' lang='lat' dir='ltr'>nuptias:</span> 
     </span>
    </p>
   </div>
   <div class='ocr_carea' id='block_1_7' title="bbox 215 2941 1198 3172">
    <p class='ocr_par' dir='ltr' id='par_1_9' title="bbox 215 2941 1198 3172">
     <span class='ocr_line' id='line_1_27' title="bbox 215 2941 1178 3172; baseline -0.001 -159"><span class='ocrx_word' id='word_1_190' title='bbox 215 2971 293 3014; x_wconf 91' lang='lat' dir='ltr'>nam</span> <span class='ocrx_word' id='word_1_191' title='bbox 307 2944 496 3014; x_wconf 76' lang='lat' dir='ltr'>insecundo</span> <span class='ocrx_word' id='word_1_192' title='bbox 503 2943 620 3036; x_wconf 77' lang='lat' dir='ltr'>gradu</span> <span class='ocrx_word' id='word_1_193' title='bbox 631 2954 706 3014; x_wconf 77' lang='lat' dir='ltr'>sunt</span> <span class='ocrx_word' id='word_1_194' title='bbox 714 2941 870 3034; x_wconf 66' lang='lat' dir='ltr'>stauraci</span> <span class='ocrx_word' id='word_1_195' title='bbox 881 2967 1019 3028; x_wconf 83' lang='lat' dir='ltr'>sorores,</span> <span class='ocrx_word' id='word_1_196' title='bbox 1101 2947 1178 3172; x_wconf 48' lang='lat' dir='ltr'>gg&gt;</span> 
     </span>
     <span class='ocr_line' id='line_1_28' title="bbox 698 3049 1198 3092; baseline -0.004 0"><span class='ocrx_word' id='word_1_197' title='bbox 698 3075 700 3079; x_wconf 87' lang='lat'><em>-</em></span> <span class='ocrx_word' id='word_1_198' title='bbox 1087 3051 1101 3092; x_wconf 86' lang='lat'>1</span> <span class='ocrx_word' id='word_1_199' title='bbox 1181 3049 1198 3090; x_wconf 77' lang='lat'>2</span> 
     </span>
    </p>
   </div>
   <div class='ocr_carea' id='block_1_8' title="bbox 217 3227 1160 3324">
    <p class='ocr_par' dir='ltr' id='par_1_10' title="bbox 217 3227 1160 3324">
     <span class='ocr_line' id='line_1_29' title="bbox 217 3227 1160 3324; baseline -0.005 -21"><span class='ocrx_word' id='word_1_200' title='bbox 217 3237 302 3303; x_wconf 87' lang='lat' dir='ltr'>inter</span> <span class='ocrx_word' id='word_1_201' title='bbox 320 3257 402 3324; x_wconf 88' lang='lat' dir='ltr'>quos</span> <span class='ocrx_word' id='word_1_202' title='bbox 420 3255 484 3302; x_wconf 90' lang='lat' dir='ltr'>uec·</span> <span class='ocrx_word' id='word_1_203' title='bbox 501 3231 651 3305; x_wconf 84' lang='lat' dir='ltr'>divinum</span> <span class='ocrx_word' id='word_1_204' title='bbox 675 3251 736 3296; x_wconf 87' lang='lat' dir='ltr'>nec</span> <span class='ocrx_word' id='word_1_205' title='bbox 760 3227 946 3320; x_wconf 65' lang='lat' dir='ltr'>minanam</span> <span class='ocrx_word' id='word_1_206' title='bbox 967 3232 1021 3320; x_wconf 82' lang='lat' dir='ltr'>jus</span> <span class='ocrx_word' id='word_1_207' title='bbox 1125 3231 1160 3298; x_wconf 85' lang='grc'>&lt;&gt;</span> 
     </span>
    </p>
   </div>
   <div class='ocr_carea' id='block_1_9' title="bbox 1122 3303 1162 3380">
    <p class='ocr_par' dir='ltr' id='par_1_11' title="bbox 1122 3303 1162 3380">
     <span class='ocr_line' id='line_1_30' title="bbox 1122 3303 1162 3380; baseline 0 0"><span class='ocrx_word' id='word_1_208' title='bbox 1122 3303 1162 3380; x_wconf 84' lang='grc' dir='ltr'>Λ</span> 
     </span>
    </p>
   </div>
   <div class='ocr_carea' id='block_1_10' title="bbox 214 3612 1237 3992">
    <p class='ocr_par' dir='ltr' id='par_1_12' title="bbox 214 3612 1237 3992">
     <span class='ocr_line' id='line_1_31' title="bbox 1072 3612 1087 3660; baseline 0 0"><span class='ocrx_word' id='word_1_209' title='bbox 1072 3612 1087 3660; x_wconf 80' lang='grc'><strong>3</strong></span> 
     </span>
     <span class='ocr_line' id='line_1_32' title="bbox 214 3691 1237 3814; baseline -0.009 -30"><span class='ocrx_word' id='word_1_210' title='bbox 214 3691 333 3814; x_wconf 73' lang='lat' dir='ltr'>gradu</span> <span class='ocrx_word' id='word_1_211' title='bbox 343 3737 475 3803; x_wconf 80' lang='lat' dir='ltr'>semper</span> <span class='ocrx_word' id='word_1_212' title='bbox 482 3701 671 3803; x_wconf 77' lang='lat' dir='ltr'>prohiberi.</span> <span class='ocrx_word' id='word_1_213' title='bbox 684 3713 749 3780; x_wconf 92' lang='lat' dir='ltr'>Hic</span> <span class='ocrx_word' id='word_1_214' title='bbox 761 3715 880 3804; x_wconf 83' lang='lat' dir='ltr'>gradus</span> <span class='ocrx_word' id='word_1_215' title='bbox 890 3713 979 3781; x_wconf 89' lang='lat' dir='ltr'>enim</span> <span class='ocrx_word' id='word_1_216' title='bbox 991 3716 1119 3806; x_wconf 84' lang='lat' dir='ltr'>concipi</span> <span class='ocrx_word' id='word_1_217' title='bbox 1130 3710 1237 3802; x_wconf 84' lang='lat' dir='ltr'>nequit</span> 
     </span>
     <span class='ocr_line' id='line_1_33' title="bbox 215 3803 1237 3896; baseline -0.011 -19"><span class='ocrx_word' id='word_1_218' title='bbox 215 3814 284 3876; x_wconf 82' lang='lat' dir='ltr'>sine</span> <span class='ocrx_word' id='word_1_219' title='bbox 301 3815 448 3896; x_wconf 83' lang='lat' dir='ltr'>respectu</span> <span class='ocrx_word' id='word_1_220' title='bbox 464 3803 652 3896; x_wconf 68' lang='lat' dir='ltr'>parentele,</span> <span class='ocrx_word' id='word_1_221' title='bbox 672 3805 744 3894; x_wconf 87' lang='lat' dir='ltr'>qui,</span> <span class='ocrx_word' id='word_1_222' title='bbox 763 3817 800 3868; x_wconf 91' lang='lat' dir='ltr'>ut</span> <span class='ocrx_word' id='word_1_223' title='bbox 812 3807 843 3892; x_wconf 58' lang='grc' dir='ltr'>ς.</span> <span class='ocrx_word' id='word_1_224' title='bbox 867 3807 926 3893; x_wconf 84' lang='lat'>157</span> <span class='ocrx_word' id='word_1_225' title='bbox 947 3805 1135 3887; x_wconf 87' lang='lat' dir='ltr'>docuimus,</span> <span class='ocrx_word' id='word_1_226' title='bbox 1154 3825 1237 3869; x_wconf 89' lang='lat' dir='ltr'>sem-</span> 
     </span>
     <span class='ocr_line' id='line_1_34' title="bbox 217 3893 1237 3992; baseline -0.015 -24"><span class='ocrx_word' id='word_1_227' title='bbox 217 3923 277 3992; x_wconf 84' lang='lat' dir='ltr'>per</span> <span class='ocrx_word' id='word_1_228' title='bbox 299 3895 436 3990; x_wconf 88' lang='lat' dir='ltr'>impedit</span> <span class='ocrx_word' id='word_1_229' title='bbox 460 3893 599 3986; x_wconf 81' lang='lat' dir='ltr'>nuptias.</span> <span class='ocrx_word' id='word_1_230' title='bbox 624 3893 678 3959; x_wconf 86' lang='lat' dir='ltr'>Sic</span> <span class='ocrx_word' id='word_1_231' title='bbox 700 3915 761 3962; x_wconf 85' lang='lat' dir='ltr'>nec</span> <span class='ocrx_word' id='word_1_232' title='bbox 787 3895 923 3961; x_wconf 78' lang='lat' dir='ltr'>amit-ain</span> <span class='ocrx_word' id='word_1_233' title='bbox 947 3917 1007 3962; x_wconf 88' lang='lat' dir='ltr'>nec</span> <span class='ocrx_word' id='word_1_234' title='bbox 1030 3905 1237 3962; x_wconf 83' lang='lat' dir='ltr'>materteram</span> 
     </span>
    </p>
   </div>
   <div class='ocr_carea' id='block_1_11' title="bbox 217 3385 1211 3679">
    <p class='ocr_par' dir='ltr' id='par_1_13' title="bbox 217 3385 1211 3679">
     <span class='ocr_line' id='line_1_35' title="bbox 417 3385 1211 3466; baseline -0.001 -19"><span class='ocrx_word' id='word_1_235' title='bbox 417 3462 420 3466; x_wconf 90' lang='lat'>.</span> <span class='ocrx_word' id='word_1_236' title='bbox 1074 3405 1090 3444; x_wconf 81' lang='lat'>2</span> <span class='ocrx_word' id='word_1_237' title='bbox 1146 3385 1211 3456; x_wconf 75' lang='lat'>0&#39;1</span> 
     </span>
     <span class='ocr_line' id='line_1_36' title="bbox 217 3387 1204 3679; baseline -0.004 -86"><span class='ocrx_word' id='word_1_238' title='bbox 217 3525 347 3618; x_wconf 87' lang='lat' dir='ltr'>nuptias</span> <span class='ocrx_word' id='word_1_239' title='bbox 369 3521 537 3615; x_wconf 82' lang='lat' dir='ltr'>permittit.</span> <span class='ocrx_word' id='word_1_240' title='bbox 564 3520 720 3586; x_wconf 84' lang='lat' dir='ltr'>Diximus</span> <span class='ocrx_word' id='word_1_241' title='bbox 741 3523 845 3586; x_wconf 82' lang='lat' dir='ltr'>etium</span> <span class='ocrx_word' id='word_1_242' title='bbox 867 3497 905 3587; x_wconf 86' lang='lat' dir='ltr'>in</span> <span class='ocrx_word' id='word_1_243' title='bbox 923 3525 1022 3591; x_wconf 83' lang='lat' dir='ltr'>tertio</span> <span class='ocrx_word' id='word_1_244' title='bbox 1102 3387 1138 3679; x_wconf 59' lang='lat' dir='ltr'>I</span> <span class='ocrx_word' id='word_1_245' title='bbox 1201 3607 1204 3614; x_wconf 17' lang='lat' dir='ltr'>y</span> 
     </span>
    </p>
   </div>
   <div class='ocr_carea' id='block_1_12' title="bbox 0 0 1340 4496">
    <p class='ocr_par' dir='ltr' id='par_1_14' title="bbox 0 0 1340 4496">
     <span class='ocr_line' id='line_1_37' title="bbox 0 0 1340 4496; baseline 0 0"><span class='ocrx_word' id='word_1_246' title='bbox 0 0 1340 4496; x_wconf 95' lang='lat' dir='ltr'> </span> 
     </span>
    </p>
   </div>
  </div>
 </body>
</html>
