2644 4504
200 259 368 394 onnus
382 305 528 376 nome
543 305 734 376 'ronam
754 302 962 372 mennon.
1026 301 1088 372 en

8 411 9 458 ἶ
75 409 183 498 juncti.
198 413 285 503 Ergo
298 418 333 484 hi
346 415 430 484 finnt
447 429 568 482 tutores
582 465 591 496 ,
605 428 636 482 et
652 409 783 504 quidem
795 415 906 495 simul,
922 412 997 502 qnia
1017 423 1093 474 sunt

78 503 143 588 ptri
159 503 259 589 gundo
275 507 321 592 (§.
344 526 415 572 auo.
427 505 453 592 ).
468 507 646 592 Fingamus
662 507 751 590 jam,
775 517 928 593 quartum
946 513 977 568 et
995 501 1095 588 quin«

78 600 235 658 tumente
255 595 353 683 primi
375 597 579 682 pubertatem
602 595 688 660 diem
708 595 797 660 obire
819 613 1009 682 supremum
1023 639 1033 670 ,
1047 589 1113 666 sie,

77 687 189 745 tutores
203 695 300 748 erunt
320 685 426 771 quinti
446 685 598 760 heredes,
614 695 723 750 sextus
740 696 773 748 et
791 683 968 771 septimus,
993 679 1093 742 modo

67 765 130 853 ‘ipsi
144 769 206 834 sint
220 775 424 859 majorennes
440 785 473 838 et
492 773 623 840 habiles.
642 774 711 838 Cur
724 773 827 838 vero?
844 771 932 856 Quia
947 769 1093 834 exstinc-

78 856 112 918 tis
127 872 241 943 quarto
262 873 296 926 et
314 862 429 948 quinto
449 861 534 927 fiunt
557 862 664 948 agnati
687 860 848 950 proximi,
863 873 896 924 et
912 860 956 924 ita
974 855 1094 923 intelli·
1141 901 1144 909 ,

76 947 187 1032 gendo,
203 947 226 1013 l.
239 953 302 1030 26,
314 953 345 1035 §-
360 974 394 1031 1,
404 951 451 1040 ff.
463 952 505 1016 de
517 963 579 1016 tut.
595 953 619 1016 l.
632 950 683 1018 46
688 1001 698 1030 ,
702 949 748 1040 ff
751 949 871 1038 fannii.
886 949 998 1014 ercino.

111 1089 180 1148 Vide
194 1106 294 1165 notam
305 1095 349 1148 ad
361 1093 388 1172 ς.
400 1094 465 1152 260.

459 1215 490 1330 §2
513 1243 695 1310 conix.
738 1209 740 1216 ’

114 1390 207 1458 Alter
222 1393 340 1458 modus
349 1443 359 1474 ‚
374 1415 440 1480 quo
458 1394 557 1458 tutela
575 1393 710 1474 finitur,
731 1403 777 1457 est
791 1395 915 1481 cepitis
934 1390 1096 1458 deminu-

8 1523 10 1528 ,
76 1478 127 1544 tio.
154 1481 246 1567 Quia*
268 1483 358 1548 enim
382 1483 474 1548 illam
495 1483 594 1548 morti
618 1481 804 1572 comparari
830 1503 928 1570 supra
951 1481 1095 1546 vidimus

77 1568 121 1654 (ὅ.
138 1569 255 1658 aad),
269 1571 292 1635 l.
308 1593 372 1657 209
379 1621 390 1651 ,
396 1569 444 1662 ff
459 1571 500 1638 de
520 1573 564 1638 R.
585 1571 622 1636 J.
646 1571 798 1636 eumdem
821 1571 919 1636 etiam
942 1569 1095 1634 ellectum

74 1658 216 1724 nibuunt
239 1660 463 1727 Juriaconsulti
486 1661 598 1749 capitis
618 1659 857 1742 deminutioni‚
877 1681 976 1746 quem
998 1659 1096 1724 habet

75 1767 166 1812 mors.
183 1749 272 1834 Quia
289 1771 367 1836 ergo
380 1761 486 1814 morte
500 1749 612 1814 finitur
628 1750 747 1830 tutela,
764 1771 841 1836 ergo
859 1760 891 1812 et
906 1748 1020 1836 eapitis
1034 1749 1093 1810 de·

8 1859 10 1922 3
74 1836 249 1902 minutione
257 1839 429 1904 eamfini're
440 1850 643 1904 censuerunt.
652 1839 714 1904 Sed
724 1839 824 1926 probe
832 1836 1097 1902 tamennotanda·

8 1939 10 1984 ι
75 1923 247 1992 differentia
263 1929 348 1994 inter
362 1928 475 2017 capitis
488 1928 745 1992 deminutionem
760 1927 892 2014 pnpilli
909 1939 942 1991 et
960 1926 1093 1990 tutoris.

8 2009 10 2102 ζ
73 2013 197 2102 Pupillo
211 2018 301 2082 enim
317 2018 421 2107 capite
442 2019 612 2082 deminuto
631 2018 731 2082 tutela
748 2015 881 2097 finitur,
902 2015 967 2080 sive
983 2013 1094 2080 moxi·

8 2117 10 2138 ³
73 2123 157 2168 mam
172 2129 284 2193 passus
294 2108 351 2187 sit,
366 2107 432 2172 sive
447 2107 608 2189 mediam,
624 2106 689 2178 sive
706 2107 892 2170 minimam.
909 2105 1017 2168 'l'ntor
1032 2125 1094 2166 au-

74 2202 135 2256 tem
159 2195 297 2260 tutelam
318 2195 449 2282 quidem
478 2196 597 2260 amittit
619 2219 677 2284 per
693 2195 816 2284 ⁴capitis
838 2193 1096 2259 deminutionem

8 2303 10 2332 t
73 2282 250 2348 maximam
265 2295 297 2348 et
310 2285 452 2349 mediam
466 2333 475 2364 ,
490 2307 557 2348 non
573 2296 681 2354 autem
698 2283 890 2366 minimam,
906 2284 936 2368 ς.
957 2305 991 2362 a,
1007 2283 1036 2368 ς.
1054 2283 1095 2360 3,

8 2399 10 2440 t
74 2369 101 2452 l.
117 2369 157 2450 4,
174 2374 267 2437 laet.
290 2373 322 2438 Ie.
343 2385 368 2438 t.
389 2373 487 2438 Ratio
505 2387 551 2440 est
573 2374 666 2438 hoec:
691 2373 725 2438 Si
747 2371 891 2462 pupillus
912 2372 1096 2468 maximam

75 2461 179 2548 eapitis
192 2461 452 2528 deminutionem
467 2464 609 2552 patitur,
623 2461 662 2527 fit
683 2485 812 2544 servns3
833 2462 859 2526 si
877 2462 1042 2541 medium,
1059 2459 1098 2525 fit
1147 2487 1151 2494 ·

73 2551 313 2636 pe1·egrinus;si
327 2551 521 2634 minimum,
538 2551 576 2628 lit
597 2551 820 2619 filiusfamilias
834 2575 893 2642 per
910 2549 1096 2639 arrogatio-

8 2655 10 2728 ξ
73 2657 153 2702 nem.
172 2639 278 2729 Atqui
292 2661 401 2706 servus
414 2663 481 2706 non
497 2651 599 2730 potest
613 2663 678 2708 esse
692 2643 751 2706 sub
766 2643 887 2721 tutela,
905 2639 1096 2728 quia'tutela

73 2739 114 2788 est
127 2739 265 2816 potestas
278 2728 311 2792 in
329 2730 433 2818 capite
452 2731 552 2796 libero
575 2728 624 2817 (ἕ.
649 2731 765 2818 2050),
786 2753 847 2796 neo
870 2730 1096 2818 peregtimus,

75 2815 141 2898 quia
158 2818 257 2882 tutela
272 2831 319 2882 est
328 2819 382 2904 jus
400 2820 524 2908 pinibus
538 2819 697 2884 Romania
712 2819 884 2908 proprium
904 2819 916 2905 (
925 2821 956 2904 §.
979 2817 1073 2906 207.)

8 2943 10 2978 t
74 2923 129 2970 uec
141 2904 382 2996 filiusfamilias,
405 2909 479 2994 quia
494 2910 520 2973 is
540 2920 587 2972 est
600 2909 659 2986 sub
675 2909 778 2997 patria
797 2919 973 2997 potestate,
988 2918 1019 2972 et
1032 2928 1099 2993 paq
1196 2955 1200 2961 η.
1312 2945 1313 2948 =

8 2995 10 3012 ²
74 3001 153 3058 trem
164 2994 301 3064 habenti
322 3007 411 3060 tutor
430 2995 619 3064 non'datm·
639 2999 688 3083 (ἕ.
712 3018 772 3084 207
784 3046 794 3077 ,
816 2993 875 3083 2.).
899 2995 998 3080 Quod
1018 3017 1097 3062 vero

72 3089 156 3148 tutor
167 3085 279 3172 capitia
290 3085 546 3154 deminutionem
559 3108 665 3177 passus
676 3087 858 3150 maximam
870 3085 922 3150 vel
934 3085 1096 3163 mediam,

74 3171 196 3237 amittat
211 3175 367 3255 tutelam,
382 3198 454 3240 eam
473 3176 570 3241 habet
583 3177 762 3258 rationem,
777 3175 852 3262 quia
866 3196 976 3239 servus
989 3185 1021 3238 et
1036 3197 1096 3262 pe-

8 3299 10 3334 s
73 3261 217 3344 regrinus
228 3285 296 3329 non
309 3277 441 3352 possunt
452 3284 514 3330 eaeo
528 3277 659 3346 tutores,
669 3265 789 3354 quippe
798 3265 966 3352 incapaces
977 3283 1098 3328 mone-

8 3401 9 3404 *
75 3347 115 3412 ris
126 3349 249 3438 publici
265 3353 310 3440 (ς.
333 3354 415 3434 205,
432 3355 495 3442 n..)
511 3355 649 3419 Minima
665 3365 773 3420 autem
789 3353 901 3442 capitis
916 3353 1097 3418 deminutio
1179 3396 1180 3400 =

74 3439 170 3504 tuton‘
190 3440 261 3506 ideo
278 3463 346 3506 non
368 3456 463 3508 nocet
479 3493 488 3524 ,
515 3443 590 3530 quia
604 3456 636 3510 et
650 3442 872 3508 filiusfamilias
886 3453 991 3532 potest
1007 3455 1097 3508 tutor

75 3545 154 3610 esse,
169 3541 201 3593 et
213 3530 247 3595 in
261 3531 451 3596 muneribus
465 3532 602 3620 publicis
615 3555 676 3622 pro
692 3531 920 3622 patrefamilias
938 3532 1096 3612 habetur,

76 3611 96 3675 l·
107 3639 131 3700 9
141 3667 152 3696 ‚
154 3615 202 3707 ff
218 3619 259 3684 de
272 3619 326 3685 leia
340 3621 400 3708 qni
413 3624 469 3688 eni
483 3619 537 3686 vel
548 3621 665 3686 alieni.
688 3623 849 3712 Exceptio
864 3621 995 3710 quidem
1015 3613 1096 3686 olim

76 3707 187 3770 eratin
205 3709 365 3776 tutoribus
380 3709 552 3796 legitimis,
569 3709 625 3798 qui
641 3721 673 3775 et
691 3711 864 3776 minimam
879 3711 962 3800 passi
983 3710 1097 3796 capitis
1186 3727 1198 3736 ⁴*

8 3803 9 3806 ’
75 3789 322 3866 deminutionem
340 3801 437 3866 tutela
454 3799 688 3888 privabantur,
702 3803 778 3888 quia
795 3802 881 3866 illius
895 3799 1094 3864 fundamen-

73 3887 226 3955 tumeret
244 3887 295 3978 jus
314 3889 494 3978 agnationis
509 3913 517 3958 ι
532 3889 567 3978 id
589 3911 667 3958 vero
690 3890 781 3958 omni
796 3889 917 3980 ¹capitis
940 3888 1093 3954 deminu-
1249 3912 1250 3916 ¹
