2644 4504
233 330 300 400 ses
516 331 968 416 nruuu11‚T1r.1.
1080 339 1083 346 ’

236 450 292 504 tur
306 439 421 506 nobilis
438 440 493 506 illa
506 442 638 528 quaestio
654 441 741 530 apud
761 442 927 506 Plutarch.
941 453 1059 530 quoeat.
1072 465 1173 532 groee.
1186 444 1237 506 eo.

236 529 359 594 Andrii
372 531 631 595 erthatcidenses
639 532 847 610 audiverant,
859 531 1011 596 barbaros
1022 531 1133 596 urbem
1142 535 1238 594 Acan-

234 618 332 683 thum
348 620 516 684 deseruisse
528 645 537 682 ε
549 621 706 684 miseruut
720 620 839 706 singuli
852 621 1010 707 singulos,
1027 620 1083 706 qui
1099 619 1239 708 explora·

232 721 324 785 rent,
339 731 381 772 au
395 709 431 772 id
443 723 520 774 esset
534 731 649 773 verum
657 758 668 789 ‚
681 719 730 788 et,
745 709 772 772 si
787 731 902 773 verum
915 720 1012 788 esset,
1026 707 1139 772 urbem
1152 730 1239 772 oecu-

231 809 359 884 pareut.
375 797 419 862 Hi
434 798 565 885 propius
577 799 763 862 accedentes
775 819 854 862 cum
867 798 1014 864 dubitare
1028 819 1096 860 non
1110 807 1238 884 possent,

237 885 350 948 locum
362 887 523 952 desertum
539 909 603 951 esse
612 937 622 968 ‚
638 886 854 951 Chalcidensis
861 887 983 974 legatus
992 909 1088 951 cursu
1099 884 1244 950 concitato

233 974 424 1054 contendit,
453 987 490 1040 ut
512 977 604 1064 prior
628 975 888 1040 Chalcidensium
913 979 1046 1040 nomine
1070 985 1239 1062 occuparet.

232 1062 381 1128 Andrins
404 1085 482 1129 cum
503 1087 536 1128 se
561 1085 658 1128 cursu
679 1067 824 1152 superari
844 1065 1060 1150 intelligeret,
1083 1065 1239 1148 jaculum,

234 1153 322 1238 quod
339 1152 502 1238 gestabat,
524 1154 599 1217 urbi
622 1154 779 1233 immisit,
800 1165 833 1218 et
854 1176 958 1240 quum
982 1155 1015 1218 id
1041 1154 1131 1242 prius
1151 1162 1241 1240 porta

237 1240 379 1306 infixum
395 1253 493 1323 esset,
510 1265 610 1329 quam
622 1241 838 1307 Chalcidensis
858 1265 931 1318 eam
945 1243 1137 1330 attingeret,
1150 1239 1243 1318 dixit,

236 1331 444 1396 Andriorum
462 1333 594 1396 nomine
608 1353 640 1396 se
656 1333 744 1419 prius
759 1354 941 1420 occupasse.
961 1332 1085 1398 Arbitri
1096 1331 1161 1394 dati
1172 1331 1242 1394 Ere·

236 1421 388 1500 trienses,
408 1419 508 1484 Samii
521 1430 553 1486 et
568 1420 665 1485 Parii.
681 1421 807 1485 Priores
819 1421 885 1484 duo
900 1445 962 1509 pro
979 1417 1243 1484 Chalcidensibus.

235 1510 425 1596 posteriores
438 1531 499 1596 pro
515 1509 650 1574 Andriis
662 1509 926 1598 pronuntiarunt.
940 1509 1031 1596 Quid
1045 1509 1086 1574 de
1098 1519 1163 1572 tota
1176 1527 1244 1570 con·

236 1599 391 1664 troversia
413 1599 649 1666 statuendum?
672 1597 935 1664 Chalcidensium
956 1621 1066 1663 caussa
1088 1595 1245 1683 justissima

235 1683 309 1752 fuit.
333 1688 415 1774 Quis
432 1688 521 1752 enim
537 1689 632 1754 urbes
646 1689 778 1773 jaculo,
794 1682 965 1774 tamqudm
981 1688 1139 1766 aviculas,
1157 1706 1245 1749 occu·

236 1778 318 1866 pat‘l
340 1780 399 1843 An
421 1776 493 1840 ideo
507 1778 604 1842 hostis
620 1777 738 1841 dicitur
753 1799 924 1865 occupasse
945 1777 1061 1842 urbem
1076 1827 1085 1856 ,
1103 1774 1175 1863 quia
1195 1771 1246 1835 ali-

237 1879 319 1954 quot
333 1867 464 1931 milleua
479 1867 651 1950 globorum
666 1867 834 1931 immittit?
849 1867 927 1930 Vid.
942 1865 1090 1930 Puffend.
1105 1868 1142 1930 in
1154 1863 1180 1928 J
1179 1907 1189 1925 .
1201 1861 1245 1924 N.

238 1967 272 2019 et
288 1955 330 2020 G.
347 1957 426 2028 Lib.
443 1955 489 2020 II
490 1956 514 2020 I
518 2005 529 2034 ‚
546 1981 623 2044 cop.
646 1955 728 2036 VI,
748 1957 780 2042 §.
803 1960 836 2020 8.
851 1956 991 2043 Utrique
1009 1955 1142 2042 quidem
1155 1953 1248 2038 legato

237 2042 300 2109 fuit
321 2046 450 2110 animus
473 2046 588 2110 urbem
613 2046 771 2110 desertam
794 2045 927 2110 nomine
950 2045 1054 2130 gentis
1075 2066 1140 2108 sure
1161 2061 1248 2106 occu-

238 2134 361 2223 pandi,
382 2136 525 2200 sednon
549 2145 685 2221 uterque
705 2135 918 2222 adprehendit
941 2133 1057 2198 urbem
1080 2157 1119 2198 eo
1141 2130 1247 2205 modo,

239 2247 306 2309 quo
322 2225 470 2312 possessio
488 2224 619 2288 urbium
636 2224 835 2312 adprehendi
849 2225 939 2288 solet.
958 2225 1004 2288 5⁰.
1021 2223 1109 2307 Quae
1122 2217 1249 2286 custodia

241 2313 384 2377 coerceri
392 2325 576 2400 nequeunt,
592 2334 652 2376 nec
666 2313 820 2400 occupari
834 2324 967 2401 possemt
982 2312 1060 2402 (per
1071 2311 1190 2375 axium.
1203 2305 1248 2388 nl·

240 2401 332 2486 Quid
350 2415 459 2466 autem
477 2404 622 2490 prodest,
639 2401 902 2490 adprehendisse,
924 2401 949 2464 si
967 2401 1191 2488 possessionem
1204 2418 1248 2460 re·

240 2491 344 2554 tinere
359 2513 540 2578 nequeam,
557 2491 579 2554 l.
598 2494 653 2569 13,
666 2515 725 2578 pr.
747 2493 777 2576 ς.
794 2512 815 2555 2
825 2540 836 2570 ‚
841 2489 888 2580 ff
904 2491 946 2554 de
960 2490 1066 2576 udqn.
1084 2513 1149 2555 rer.
1170 2485 1248 2550 dont.

239 2581 285 2647 Et
302 2580 381 2644 hinc
401 2591 487 2645 recte
507 2581 554 2645 V.
571 2579 609 2644 C.
626 2601 691 2644 van
711 2581 892 2666 Bynkerslr.
908 2579 943 2642 in
962 2577 1071 2642 libello
1088 2579 1129 2642 de
1153 2574 1251 2642 domi·

242 2670 301 2734 uio
320 2669 429 2734 maris
441 2718 452 2748 ,
477 2690 607 2732 anuexo
629 2680 806 2733 comment.
826 2669 867 2732 ad
889 2668 972 2754 leg.
994 2667 1181 2744 Rhodiam,
1203 2685 1251 2727 ne·

240 2769 324 2845 gat,
358 2761 531 2824 Oceanum
558 2757 711 2846 occupari
738 2780 827 2844 posse
843 2780 854 2835 ς
885 2757 962 2842 quia
992 2761 1141 2844 possessio
1168 2753 1250 2817 classe

240 2847 441 2935 adprehensa
465 2846 597 2911 retineri
622 2859 773 2932 nequeat.
801 2847 906 2910 Classe
932 2844 1021 2908 euim
1046 2847 1180 2910 domum
1209 2861 1252 2906 re-

241 2958 332 3003 versa
344 2959 436 3026 aeque
446 2933 540 3002 facile
553 2937 634 3001 alius
645 2938 741 3001 classe
754 2937 929 3000 instructus
940 2934 975 2998 iu
986 2935 1072 2998 mari
1083 2931 1254 2998 dominatur

241 3047 282 3102 ac
296 3050 366 3092 nos.

227 3168 235 3182 '
254 3209 261 3222 .
283 3171 356 3226 Jure
376 3187 477 3237 novo,
493 3187 540 3228 res
558 3167 669 3226 nullius
687 3185 750 3222 non
768 3165 878 3222 cedunt
899 3141 1078 3238 occupanti,
1103 3163 1152 3221 sed
1170 3157 1253 3218 domi-
1278 3201 1280 3206 .

242 3249 429 3410 pio3qulico
445 3251 637 3332 addicuntur.
648 3262 702 3309 aar.
713 3245 788 3326 539,
796 3245 852 3324 713
870 3262 900 3306 et
908 3247 975 3325 768.
988 3246 1096 3324 Excipe
1107 3247 1254 3302 thesauros.

628 3466 658 3550 s.
682 3457 940 3574 cocnmv.
1010 3458 1014 3464 ·

291 3612 420 3702 Species
444 3613 667 3702 occupationis
682 3623 763 3700 quot
774 3610 862 3690 siut,
884 3611 946 3678 hoc
964 3613 995 3698 5.
1011 3610 1193 3678 ostenditur.
1203 3603 1259 3670 Ni-

250 3703 377 3772 mirum
388 3714 452 3770 tres
466 3715 561 3782 sunt,
574 3703 731 3780 venatio,
745 3703 921 3790 occupatio
937 3701 1056 3770 bellica
1069 3713 1102 3768 et
1112 3695 1257 3764 inventio.

250 3803 296 3861 1⁰.
313 3793 355 3863 V
351 3794 467 3866 enutio
491 3806 538 3860 est
555 3794 731 3862 bestiarum
743 3789 889 3862 ferarum
902 3791 1084 3880 coaequatio.
1099 3790 1259 3874 Quumque

243 3863 319 3955 ferae
338 3882 455 3996 bestiae
467 3885 519 3954 vel
533 3882 757 3974 quadrupedes
767 3882 853 3969 sint,
865 3881 917 3948 vel
928 3877 1158 3962 uolucremel
1170 3891 1259 3960 aque·
