2730 4504
183 291 187 310 ⁴
263 311 333 389 aaa
532 307 1061 402 ulnaa11,r1r.1x.

267 424 373 528 minio
384 421 467 514 juris
488 423 694 510 Quiritium,
716 428 748 513 ς.
772 430 846 496 156.
869 431 960 520 Ergo
975 428 1168 498 filiifamilias
1178 425 1288 494 ratione

267 527 371 606 patna
393 537 461 579 non
482 525 578 579 erant
595 538 761 604 personae,
785 521 839 585 sed
861 543 931 602 res,
947 524 978 609 §.
1000 523 1074 588 155.
1091 521 1288 587 Perresnos-

267 618 334 670 tras
349 604 443 670 nobis
456 603 662 692 adquiritur,
676 608 706 692 S.
724 606 802 696 469.
821 611 907 698 llrgc
945 635 981 678 er
997 610 1211 677 filiasfamilias
1223 629 1288 672 nos·

265 707 334 762 tros
351 694 445 759 nobis
459 693 665 782 adquiritur,
683 719 717 784 q.
734 720 763 762 e.
780 699 813 763 d.
831 636 944 786 Quod)
952 702 1033 768 adeo
1052 723 1168 770 verum
1181 709 1241 779 est,
1257 707 1286 760 ut

264 779 406 872 Dionys.
424 785 502 850 Hal.
525 783 570 850 L.
600 785 711 852 VIII
716 837 729 866 ,
753 781 872 854 scribat
888 817 897 854 ε
916 791 1092 858 Romanis
1109 789 1196 876 filiis
1212 785 1287 853 ntttt
1333 827 1334 840 .

259 874 402 965 proprii
415 883 465 939 est
480 873 568 940 vivis
579 875 762 964 patribus,
784 879 846 944 aed
867 889 901 944 et
947 883 1090 948 ecuniaa
1114 892 1147 946 et
1164 897 1289 965 corporo
1333 897 1334 968 p

265 965 454 1031 liberorum
470 964 635 1052 patribus
652 966 844 1033 odacrum
869 905 1058 1038 arlia-tam
1084 967 1225 1036 tradidit
1246 965 1290 1029 lex
1333 973 1334 1052 l

263 1055 421 1122 Romuli.
444 1055 534 1120 Hinc
550 1055 640 1143 apud
654 1055 747 1120 Suet.
771 1057 848 1122 Tit.
866 1083 894 1123 c.
915 1065 966 1126 15.
990 1060 1144 1126 Tiberius
1164 1057 1203 1121 ab
1224 1053 1288 1120 Au·
1333 1061 1334 1124 l

261 1158 357 1233 gusto
372 1144 544 1234 adoptatus
558 1143 642 1210 nihil
664 1167 727 1234 pro
741 1145 913 1234 patrefam.
930 1149 1016 1236 egit,
1032 1163 1065 1218 et
1080 1171 1185 1237 neque
1200 1146 1288 1210 dona·
1333 1129 1334 1202 l

263 1236 440 1322 vitaeque
463 1235 674 1313 manumisit,
698 1257 759 1300 neo
780 1235 996 1303 hereditatem
1021 1239 1158 1328 quidem
1180 1247 1232 1301 aut
1250 1234 1288 1298 le·
1333 1241 1334 1264 ¹

262 1337 338 1413 gata
354 1325 420 1388 ulla
436 1323 549 1404 aliter,
565 1345 667 1410 quam
683 1335 721 1388 ut
742 1326 872 1414 peculio
895 1326 1030 1394 referret
1051 1340 1203 1417 accepta,
1223 1345 1287 1413 per·

261 1415 360 1503 cepit.
376 1413 446 1478 Cur
461 1415 564 1479 vero?
579 1411 641 1478 nisi
658 1413 735 1500 quia
749 1437 810 1504 per
824 1420 1071 1504 arrogationem
1084 1417 1187 1484 factus
1198 1414 1286 1479 luerat
1333 1409 1334 1470 Ῑ

260 1501 496 1570 filiusfamilias.
515 1501 632 1588 Quum
655 1524 733 1568 vero
748 1504 861 1592 paullo
883 1506 998 1572 durius
1019 1509 1084 1574 hoc
1106 1509 1159 1596 jus
1177 1505 1285 1573 videre·
1333 1545 1334 1588 q

260 1607 336 1682 tur,
353 1605 385 1658 et
399 1614 534 1657 morum
557 1603 707 1658 veterum
725 1593 913 1680 rubiginem
929 1599 1105 1686 paullatim
1126 1595 1285 1663 extorsisset
1333 1607 1334 1610 ’

260 1683 469 1773 sequentium
486 1692 675 1772 temporum
699 1683 905 1768 humanitas,
929 1689 1053 1774 regulae
1075 1687 1154 1752 huic
1174 1680 1284 1764 accessit

262 1771 433 1864 exceptio,
454 1793 574 1860 nempe
588 1772 796 1858 peculiam.-
815 1773 960 1864 adeoque
983 1777 1082 1842 hodie
1105 1775 1282 1848 dicendum,

262 1867 395 1944 omnia,
421 1883 495 1949 quea
516 1859 741 1926 filiusfamilias
762 1863 925 1952 adquirit,
946 1866 1094 1954 adquirit
1106 1865 1200 1956 'patri
1217 1883 1282 1940 suo,

262 1955 354 2020 salvo
368 1964 481 2018 tamen
496 1950 526 2015 ei
541 1950 680 2038 peculio.
703 1951 816 2038 Quare
828 1954 899 2039 jam
913 1969 1076 2045 superest,
1094 1969 1132 2021 ut
1144 1959 1182 2036 de
1196 1973 1283 2044 pecu-

260 2045 308 2111 lio
333 2063 479 2130 agamus.
506 2039 690 2106 Peculium
711 2041 872 2114 dicitur'a
900 2031 1050 2134 pecude',
1074 2047 1113 2112 in
1135 2067 1197 2134 qua
1217 2042 1282 2107 olim

261 2136 421 2201 maximae
445 2141 595 2197 veterum
619 2127 787 2198 facultates
810 2133 1038 2201 consistebant.
1052 2137 1136 2223 *Qui
1157 2133 1281 2200 multum

263 2223 390 2315 pecoris
403 2219 570 2314 pascebat,
583 2220 774 2286 censebatur
788 2222 897 2289 diues:
912 2225 1066 2318 pauperis
1079 2235 1151 2292 erat
1159 2276 1168 2309 ,
1183 2241 1282 2290 nume·

260 2337 334 2381 rare
350 2335 467 2406 pecus.¹
479 2309 611 2376 Inventi
626 2311 759 2396 quidem
775 2325 884 2401 postea
899 2328 993 2382 erant
1007 2317 1124 2400 numi,
1137 2314 1190 2381 sed
1202 2323 1232 2379 et
1242 2308 1282 2376 hit

263 2406 300 2470 in
330 2406 527 2470 memoriam
553 2399 682 2490 pristini
707 2401 783 2466 vitoe
805 2405 932 2492 generis
959 2427 1085 2471 nomen
1103 2405 1282 2495 pecuniae&
1332 2459 1333 2468 ,

260 2494 388 2585 pecude
404 2489 566 2569 dabatur,
588 2501 626 2554 ut
646 2500 679 2554 et
694 2490 729 2556 in
743 2491 963 2560 vetustissimis
985 2495 1216 2561 Romanorum
1228 2511 1280 2555 nu·

229 2635 236 2644 .
261 2581 468 2666 mismatibus
482 2580 679 2670 plerumque
692 2603 724 2644 se
744 2580 824 2646 sistit
839 2581 952 2665 bovis,
966 2585 1052 2667 suis,
1067 2587 1123 2654 vel
1136 2585 1213 2649 alius
1224 2576 1281 2646 eni·

261 2676 358 2742 malis
371 2674 493 2758 imago.
518 2669 605 2755 Quia
627 2681 779 2756 ergoet,
800 2671 891 2758 quod
910 2686 1062 2762 parentes
1082 2675 1174 2740 initio
1191 2663 1280 2738 liberis

254 2767 326 2832 ,suis
348 2759 569 2831 vetustissimis
591 2758 792 2848 temporibus
807 2762 1029 2849 reliquerant,
1051 2765 1239 2856 plerumque
1252 2756 1279 2820 in

259 2855 388 2947 'pecude
406 2850 524 2942 procul
548 2847 648 2916 dubio
671 2849 832 2932 constitit,
853 2851 932 2917 hinc
954 2865 988 2918 et
1008 2853 1096 2922 istud
1117 2854 1281 2924 dictumest

258 2945 449 3036 peculium.
471 2939 511 3004 In
526 2939 601 3027 jure
622 2951 734 3006 nostro
757 2941 926 3030 peculium
949 2943 1128 3023 delinitur,
1149 2937 1231 3029 quod
1248 2931 1280 2997 til

264 3035 422 3127 pusillum
439 3027 676 3121 patrimonium
689 3077 698 3110 ,
709 3028 802 3118 quod
821 3029 986 3098 filiusfam.
1003 3033 1056 3098 vel
1075 3053 1184 3099 servus
1204 3045 1280 3108 aru·
1331 3097 1332 3102 η

262 3125 407 3194 tionibus
426 3119 568 3210 paternis
589 3119 641 3184 vel
662 3117 835 3186 dominicis
856 3134 1043 3210 separatum
1066 3122 1165 3188 habet
1176 3151 1190 3200 ,*
1203 3117 1224 3181 l.
1243 3114 1279 3188 3,
1331 3149 1332 3174 i

159 3263 161 3270 ι
265 3219 297 3304 §.
314 3217 356 3294 3,
372 3236 441 3301 seq.
455 3209 495 3299 ff.
510 3210 552 3274 cle
561 3209 673 3295 pecul.
691 3211 735 3274 Et
749 3209 827 3274 hinc
842 3210 944 3278 homo
956 3213 1100 3300 suijuris
1114 3233 1180 3292 non
1192 3209 1280 3296 polttl

262 3303 385 3372 habere
408 3300 531 3387 aliquid
552 3300 588 3362 in
610 3297 758 3387 peculio,
781 3299 836 3364 sed
858 3299 892 3364 in
916 3301 1087 3384 dominio,
1110 3300 1165 3388 qui
1185 3305 1278 3360 autent

264 3396 371 3481 alieno
392 3391 459 3476 juri
483 3387 619 3475 subjecti
643 3399 720 3452 sunt
732 3439 742 3471 ,
764 3402 899 3478 possunt
922 3391 1091 3480 peculium
1115 3384 1278 3482 possidere,

262 3483 367 3550 veluti
380 3479 440 3546 filii
457 3479 572 3543 filiaeve
586 3477 743 3558 familias,
764 3478 848 3544 servi
868 3475 902 3546 et
920 3481 1071 3562 ancillae,
1091 3480 1191 3544 immo
1211 3471 1277 3536 olim

261 3587 296 3644 et
309 3593 449 3649 uxores,
466 3589 540 3655 quae
555 3568 589 3631 in
604 3584 743 3632 manum
764 3583 1008 3654 convenerant,
1025 3571 1100 3660 quia
1122 3579 1153 3634 et
1167 3567 1214 3632 hae
1228 3577 1276 3658 pet

262 3662 395 3751 nuptias
408 3655 591 3724 transibant
604 3657 638 3721 in
654 3668 845 3747 potestatem
862 3658 990 3740 mariti,
1007 3667 1037 3748 §.
1059 3652 1276 3728 ilb.*Mem1·
1298 3657 1301 3663 ’

263 3755 313 3819 nit
329 3747 516 3836 hujusmodi
534 3747 655 3836 peculii
677 3747 789 3812 uxoris
811 3747 933 3814 Plaut.
957 3750 993 3814 in
1017 3750 1131 3815 Oasin.
1154 3744 1198 3810 A.
1219 3735 1272 3836 If!

261 3846 317 3908 Sc.
336 3862 377 3919 2,
397 3865 429 3905 v.
448 3843 507 3905 26.
523 3835 633 3903 Hodie
647 3859 768 3902 uxores
790 3860 858 3903 non
880 3839 1022 3928 amplius
1042 3849 1116 3905 sunt
1137 3833 1169 3900 in
1182 3835 1273 3895 mautl

246 3931 437 4027 spartanam,
453 3926 599 4017 adeoque
620 3949 680 3994 nec
696 3927 869 4020 peculium
884 3929 1017 3998 habent.
1034 3931 1207 4000 Servorum
1223 3935 1272 4007 Pl·
1330 3983 1331 4014 ;
