2644 4504
225 314 290 380 514
457 317 635 394 nrnnn
665 322 703 404 1,
735 323 1047 391 TIT.XXV1.

227 449 305 490 men
321 431 470 515 suspecti
484 432 621 513 tutoris,
635 432 675 497 de
690 455 757 519 quo
770 434 833 498 hoc
848 434 944 499 titulo
951 437 1141 524 disputatur.
1154 433 1242 519 Quo·

226 515 326 585 modo
340 517 409 582 haec
425 519 509 586 actio
521 519 645 586 differat
657 521 698 585 ab
709 524 793 602 aliis,
807 547 880 610 quae
891 547 932 589 ex
948 526 1048 589 tutela
1062 535 1241 603 nascuntur,

226 605 300 669 satis
311 606 463 673 adcurate
471 610 707 697 explicavimus
718 614 757 677 ad
770 615 800 698 5.
811 615 886 680 265.
899 614 1068 678 Nimirum
1078 614 1162 678 actio
1173 635 1243 676 sus-

222 696 317 781 pecti
339 699 461 762 tutoris
475 700 567 763 omni
582 711 729 791 tempore
742 701 866 768 institui
879 715 1004 793 potest,
1020 715 1093 768 tum
1107 713 1179 767 ante
1192 712 1243 764 tu-

225 783 326 848 telam
338 835 351 864 ,
374 795 445 850 tum
458 810 493 852 ea
504 790 575 872 jam
589 804 735 882 suscepta
748 817 758 856 a
772 794 860 858 actio
880 793 994 858 tutelae
1008 815 1077 858 nou
1090 793 1149 856 nisi
1159 789 1243 856 finita

227 873 327 937 tutela
353 886 385 939 et
411 877 591 943 rationibus
611 882 761 946 nondum
785 881 941 946 redditis:
961 886 1051 948 aetio
1065 883 1108 948 de
1123 882 1243 946 distru-

176 979 178 983 ’
228 961 350 1028 luendis
372 967 566 1033 rationibus
585 971 654 1056 jam
674 971 829 1053 redditis,
853 972 908 1035 sed
921 972 1006 1036 male
1024 969 1204 1058 compositis
1217 977 1246 1030 et

224 1049 367 1117 redditis,
385 1055 460 1119 Jam
475 1057 515 1122 de
531 1059 636 1146 prima
657 1061 804 1140 actione,
828 1083 948 1149 nempe
969 1062 1108 1150 suspecti
1129 1057 1245 1124 tutoris.

228 1139 296 1206 Ubi
314 1151 358 1208 1⁰.
371 1144 569 1228 videbimus,
585 1149 664 1236 quid
677 1151 718 1214 sit
728 1162 817 1215 tutor
830 1161 994 1240 suspectus
1006 1162 1038 1215 et
1050 1151 1173 1214 crimen
1183 1168 1247 1210 sus-

228 1229 340 1320 pecti?
359 1231 389 1318 §.
413 1235 488 1299 501.
513 1260 600 1322 seq.;
617 1247 660 1302 2⁰.
688 1239 746 1325 qui
767 1238 929 1304 actionem
952 1240 1037 1304 hanc
1063 1235 1246 1303 instituant?

230 1321 261 1403 5.
280 1321 355 1385 305.
372 1344 459 1408 seq.3
477 1323 524 1390 3⁰.
547 1339 659 1395 contra
676 1350 756 1416 quos
769 1327 825 1393 illa
839 1329 963 1394 institui
976 1328 1099 1418 possit?
1110 1330 1141 1413 5.
1158 1325 1247 1400 505.;

230 1407 280 1490 49.
304 1410 346 1475 ad
368 1411 447 1498 quid
467 1417 609 1500 agatur?
628 1417 703 1484 306.
721 1418 807 1505 5073
829 1419 875 1483 5⁰.
898 1419 1066 1504 quomodo
1084 1415 1154 1482 haec
1174 1413 1247 1478 actio

188 1589 195 1593 .
230 1500 350 1565 cesset?
366 1501 398 1588 5.
415 1503 515 1586 508·3
534 1515 566 1570 et
582 1504 626 1570 6⁰.
646 1506 755 1594 ecquis
767 1507 836 1595 ejus
849 1507 945 1572 hodie
962 1507 1002 1572 sit
1017 1505 1119 1571 usus?
1133 1507 1164 1591 5.
1180 1503 1246 1590 509.

513 1669 516 1679 “
564 1677 596 1762 5.
633 1675 734 1744 ΟΟΟΙ
756 1689 789 1744 et
818 1677 947 1744 cccn.

277 1863 308 1906 ι.
323 1839 510 1926 Quaeritur,
522 1843 659 1931 quinam
668 1855 789 1910 tutores
801 1845 952 1910 dicantur
961 1842 1125 1933 suspecti?
1139 1836 1248 1925 etquid

231 1929 273 1996 sit
298 1931 423 1996 crimen
448 1935 608 2022 suspecti?
626 1935 781 2022 Surpeotr'
796 1947 957 2002 uocantur
981 1953 1096 1998 omnes
1117 1942 1248 2004 tutores,
1310 2001 1311 2004 Ἴ

233 2021 289 2106 qui
306 2043 375 2084 non
390 2047 431 2085 ex
438 2020 517 2108 fide
536 2034 673 2109 gerunt,
695 2023 761 2087 sive
777 2024 851 2089 dolo
873 2025 961 2106 malo
976 2024 1011 2088 id
1031 2020 1172 2100 sacient,
1193 2019 1249 2081 sive
1310 2019 1311 2038 ²

233 2111 330 2200 culpa
343 2159 353 2190 ,
374 2111 439 2176 sive
452 2111 607 2178 solvendo
620 2112 705 2192 sint,
721 2113 786 2178 sive
798 2137 883 2194 non,
897 2116 927 2198 5.
944 2119 968 2177 5
976 2163 988 2192 ‚
1001 2113 1034 2178 h.
1051 2121 1075 2174 t.
1093 2105 1250 2196 Quemad·

233 2202 371 2268 modum
384 2201 472 2266 enim
485 2203 549 2266 sola
566 2225 630 2292 pau
656 2214 739 2266 ertas
753 2203 920 2268 neminem
930 2201 1006 2267 facit
1017 2210 1201 2290 suspectum
1210 2194 1249 2274 ‚si

235 2289 314 2355 alias
332 2291 372 2356 sit
385 2291 437 2357 vir
458 2291 561 2359 bonus
575 2298 607 2356 et
643 2293 775 2378 iligens,
797 2292 840 2356 ita
862 2303 895 2357 et
914 2291 1034 2358 divitie
1052 2311 1123 2353 non
1142 2286 1250 2354 tollunt

234 2380 461 2468 suspicionem.
486 2383 594 2446 Posset
607 2381 740 2468 quidem
758 2381 874 2470 aliquis
890 2381 1076 2447 existimare
1091 2427 1101 2458 ,
1117 2389 1250 2442 tutorem

233 2469 431 2558 locupletem
446 2471 519 2535 ideo
537 2493 605 2534 non
619 2482 804 2559 suspectum
822 2494 902 2553 esse,
926 2471 1019 2558 quia,
1037 2469 1064 2534 si
1084 2469 1137 2534 vel
1151 2461 1251 2530 maxi-

206 2591 209 2597 ·
235 2578 288 2622 me
303 2559 504 2646 negligenter
524 2560 660 2624 tutelam
681 2562 882 2626 administret
902 2572 935 2624 et
959 2561 1122 2624 damnum
1145 2552 1250 2619 inferat

233 2647 378 2736 pupillo,
401 2659 511 2714 tamen
524 2647 606 2726 illud
620 2647 712 2714 facile
729 2650 825 2739 possit
835 2649 999 2714 resarcire.
1018 2647 1083 2713 Sed
1095 2645 1251 2712 lurisoou-

232 2737 309 2802 sulti
328 2738 421 2802 aliter
437 2738 672 2804 ratiocinantur
681 2789 690 2819 ‚
718 2761 859 2828 nempe,
884 2739 995 2806 satius
1009 2761 1081 2804 esse
1098 2735 1144 2802 ab
1161 2730 1251 2798 initio

234 2828 456 2912 intactojura
469 2835 620 2907 servare,
631 2852 736 2916 quom
745 2831 925 2896 vulnerata
935 2851 1059 2892 causan
1071 2821 1250 2890 remedium

234 2941 386 3006 quaerere
399 2945 412 2993 ‚·
435 2942 508 3007 quae
520 2917 618 2983 verba
630 2931 705 2982 sunt
719 2917 953 3005 elegantissima
965 2917 987 2981 l.
1002 2915 1065 2982 ult.
1082 2915 1120 2980 0.
1134 2915 1170 2980 in
1181 2908 1251 3010 quj-
1307 2919 1308 2972 i

238 3007 302 3073 bus
314 3030 426 3072 cauae.
448 3019 525 3074 rest.
539 3010 577 3074 in
590 3009 713 3098 integr.
728 3031 797 3074 non
811 3019 860 3072 eat
872 3030 942 3086 nec.
954 3007 1008 3072 Ex
1022 3028 1061 3071 eo
1078 3005 1149 3092 jam
1168 2996 1251 3097 facile

233 3108 340 3186 patet,
363 3098 531 3184 quodnam
558 3097 598 3164 sit
619 3099 749 3162 crimen
770 3097 933 3186 suspecti,
957 3117 1077 3184 nempe
1100 3097 1251 3176 accusatio

234 3185 326 3273 quasi
340 3183 603 3274 publicatutoris
618 3187 670 3252 vel
683 3189 841 3252 curatoris
852 3208 919 3250 non
932 3206 975 3250 ex
989 3185 1053 3266 fide
1067 3178 1202 3270 gerentis
1215 3171 1251 3275 ud

232 3275 673 3365 remotionem‚poeuumque
684 3275 860 3363 aliquando
870 3271 1162 3340 extraordinariam
1170 3263 1251 3332 inth-

234 3365 395 3452 gendam,
408 3367 435 3429 si
449 3367 517 3430 scil.
533 3380 602 3430 tam
617 3365 748 3450 insignis
755 3365 915 3455 pelluoeat
931 3363 1047 3430 tutoris
1059 3359 1199 3435 malitia,
1219 3361 1251 3415 ut

234 3476 273 3519 ea
287 3476 384 3542 poena
401 3455 547 3544 corporis
558 3453 722 3526 adflictiva
734 3456 786 3521 vel
796 3452 956 3542 supplicio
970 3451 1101 3544 capitali
1116 3447 1251 3515 videatur

235 3542 434 3625 coercenda,
449 3566 482 3608 v.
498 3566 531 3630 g.
546 3548 578 3610 si
590 3543 738 3610 insidias
748 3543 913 3608 struxerit
926 3539 1158 3630 vitoepupilla‘5
1169 3533 1251 3629 cujus

234 3634 283 3701 rei
296 3631 422 3718 insigne
435 3635 629 3722 exemplum
641 3631 731 3722 apud
740 3635 876 3699 snum.
891 3630 994 3698 Galo.
1006 3655 1034 3696 c.
1044 3653 1078 3715 9.
1089 3619 1251 3692 Descendtt

234 3726 307 3793 haeo
324 3723 485 3788 accusatio
496 3735 645 3788 tutorum
659 3734 882 3811 suspectorum
892 3742 936 3786 ex
947 3721 1019 3808 lege
1029 3718 1124 3786 XII.
1148 3706 1249 3780 Tatt-

239 3816 262 3879 l.
277 3837 310 3890 r,
322 3815 353 3900 5.
366 3825 413 3894 2,·
448 3817 457 3876 .“
474 3813 507 3876 li.
524 3825 548 3876 t.
564 3810 736 3877 Justinian.
748 3835 806 3900 pr.
827 3811 917 3877 Inst.
931 3811 964 3876 h.
976 3822 1001 3875 t.
1013 3807 1095 3878 Vid.
1106 3806 1174 3872 Jao.
1185 3797 1250 3864 (lo-

237 3900 378 3970 tholied.
400 3901 414 3928 '
433 3899 490 3974 ub.
506 3901 600 3970 VII.
612 3901 670 3991 qui
679 3901 725 3966 ita
739 3912 931 3990 conceptam
945 3897 1038 3986 fidere
1048 3905 1140 3989 putat
1154 3893 1250 3992 legem
