2646 4496
268 379 340 450 uu
369 375 856 448 auorrroumus.
1016 391 1078 460 οη

74 487 235 563 ideostatim
245 511 432 557 concessum
443 487 505 552 fuit
519 486 662 576 privatis.
678 487 719 575 (c)
736 487 885 552 Perizon.
900 487 1080 557 animadv.

74 579 138 644 tat.
152 604 178 644 c.
196 583 219 645 3
228 630 240 660 ,
249 604 289 668 p.
304 587 364 646 {25
374 629 387 659 ,
402 579 532 659 docuit,
552 599 593 642 ne
608 577 641 640 in
660 577 862 666 principibus
876 578 1007 666 quidem
1019 580 1083 643 hu-

74 668 197 757 jrumodi
221 668 408 758 adoptiones
434 667 682 756 reprehensione
708 667 821 756 populi
844 666 1012 734 carnosas
1041 691 1086 738 an

73 758 194 843 aequiore
211 761 322 824 animo
341 779 417 822 eum
438 757 543 820 tulisse
565 755 744 820 dixerimus
760 757 949 844 adoptiones
968 759 1083 848 priva·

72 857 165 910 torum
181 898 190 928 ,
205 849 230 912 si
251 859 365 912 contra
389 847 447 911 has
461 847 546 932 leges
566 844 705 910 fierent?
724 844 773 930 (d)
797 845 851 912 Ex
868 845 973 912 Cicer.
996 861 1084 915 orat.

67 937 312 1024 prodomoc.13
324 947 427 1026 patet,
442 936 631 1000 Ciceronem
641 935 712 998 ideo
724 933 931 1040 impugnasse
942 937 1086 1028 adoptio-

72 1047 134 1088 nem
150 1025 184 1091 P·
201 1023 325 1108 Clodii,
343 1029 430 1113 quod
446 1035 538 1113 pater
551 1024 620 1110 ejus
635 1023 806 1112 adoptivus
816 1045 888 1112 jam
901 1025 1018 1093 liberos
1032 1051 1087 1094 na·
1102 1069 1151 1100 ...-

74 1113 174 1180 turales
185 1116 324 1181 ,haberet
334 1166 343 1196 ,
360 1137 497 1202 eamque
512 1113 584 1176 ideo
596 1125 691 1178 vocat
710 1112 822 1182 fictam
839 1127 871 1180 et
890 1116 1089 1184 simulatam.

73 1203 137 1289 Quo
148 1204 219 1291 jure
238 1219 272 1271 et
292 1225 356 1294 qua
374 1201 481 1269 fronte
494 1201 535 1286 id
549 1203 656 1272 dicere
674 1204 827 1291 potuisset
846 1205 980 1286 Cicero,
999 1207 1024 1272 si
1049 1208 1092 1273 li-

72 1293 169 1356 cuisset
184 1295 348 1359 ordinarie
369 1293 525 1382 adoptare
543 1292 599 1372 iis,
620 1291 677 1378 qui
696 1292 768 1379 jain
795 1306 887 1357 erant
916 1300 1091 1384 parentes?

72 1381 185 1448 Maneat
198 1407 280 1471 ergo
298 1383 361 1448 hoc
376 1381 484 1447 fixum
499 1393 532 1446 et
548 1380 705 1460 firmum,
728 1381 936 1472 adoptionem
958 1387 1091 1452 ordina-

73 1471 181 1536 rienon
200 1495 386 1538 concessam
405 1473 456 1536 rel
479 1469 659 1535 minoribus
680 1467 747 1536 LX
771 1472 863 1540 aunis
878 1473 928 1538 vel
948 1471 1014 1558 iis,
1036 1477 1094 1564 qui

16 1591 17 1600 ¹
71 1559 127 1646 jam
145 1561 260 1628 liberos
281 1573 503 1652 procrearent.
528 1561 614 1646 Quae
633 1582 711 1624 vero
735 1574 828 1626 extra
851 1563 999 1630 ordinem
1030 1568 1092 1632 ali-

73 1653 187 1804 quplndo
210 1652 315 1736 sacta,
335 1671 372 1716 ea
387 1663 556 1738 tamqnam
577 1650 1005 1742 privilegiaadexemplnm
1024 1672 1094 1722 non
1179 1729 1183 1734 ,

71 1747 110 1802 tra
133 1753 243 1806 untur.

16 1855 18 1960 ἶ
72 1927 75 1936 ‹
102 1893 156 1964 Qui
165 1893 298 1951 nondum
308 1903 375 1950 sunt
390 1887 621 1967 aemorroida]
637 1889 751 1948 Sufficit
766 1889 790 1946 si
805 1890 842 1949 50
856 1891 993 1954 habeant.
1011 1893 1084 1952 Cod.
1168 1908 1170 1914 ’

71 1973 138 2050 Nep.
152 1988 205 2030 art.
221 1972 297 2032 343.

16 2043 18 2084 t
105 2056 212 2128 Quibus
225 2060 295 2126 jam
318 2069 386 2112 sunt
404 2054 488 2111 liberi
512 2051 689 2132 nautales]
712 2053 747 2110 Id
773 2065 816 2111 est
837 2055 969 2132 legitimi.
993 2057 1092 2135 (Daca.

70 2151 115 2195 art.
135 2137 300 2214 343.)11a
328 2137 407 2194 enim
429 2137 579 2194 naturales
602 2136 773 2206 dicuntur,
798 2155 867 2196 cum
893 2153 1093 2216 opponuntur

69 2218 214 2296 adoptivis.

100 2303 162 2360 Non
171 2299 396 2378 reprehensione
399 2300 507 2376 populi
516 2298 662 2376 caruisse]
677 2299 795 2358 «Divus
807 2303 981 2378 Augustus,
996 2308 1092 2364 amis..

16 2429 17 2442 ,
71 2385 122 2438 »sis
140 2386 261 2460 liberis,
287 2383 455 2458 nepotibus,
480 2381 626 2438 exhausta
643 2383 794 2438 Casurum
813 2385 915 2454 tur-bn,
930 2387 1093 2461 adoptione

70 2464 226 2522 »desertam
242 2466 366 2538 domum
378 2464 460 2520 fulsit
475 2465 633 2520 utiam.
654 2461 766 2521 Consul.
788 2468 831 2520 ad
844 2467 938 2525 Maru.
959 2471 1026 2526 XV.
1047 2473 1092 2528 Ex
1160 2518 1163 2526 .

16 2547 17 2550 ’
70 2563 119 2618 quo
133 2560 232 2622 patet,
244 2545 429 2622 principibus
443 2587 451 2613 ‚
468 2545 720 2622 quemadmodum
731 2545 855 2621 privatis
866 2581 879 2617 ,ι
891 2551 991 2608 datam
1003 2553 1093 2609 luisse

70 2627 277 2704 adoptionem,
306 2627 345 2685 ad
370 2627 563 2686 molliendum
594 2637 709 2684 nature
739 2629 902 2688 delectum·
919 2633 967 2690 vel
995 2634 1094 2708 infcr-

69 2711 181 2772 tomum.
273 2749 274 2757 κ
589 2729 591 2735 “
860 2721 864 2732 ”

406 2831 437 2916 r.
466 2811 737 2896 cnxxvrn.

105 2993 272 3060 Hactenus
284 2989 495 3082 adoptionem
509 2989 695 3082 accepimus
705 2989 742 3056 in
757 3013 850 3057 sensu
863 2970 1047 3064 latioreiEt
1057 2998 1094 3065 in

71 3079 124 3148 hoc
131 3107 224 3150 sensu
236 3083 359 3172 duplex
372 3093 438 3162 est,
450 3081 502 3146 vel
517 3082 712 3170 arrogatio,
725 3081 776 3147 vel
790 3081 930 3170 adoptio
942 3087 1095 3156 strictius

16 3203 17 3262 3
73 3187 201 3262 accepta
223 3172 236 3258 (
246 3195 278 3239 v.
300 3169 700 3260 §.175.)Differunthae
719 3169 838 3264 species
852 3171 1025 3240 bifariama

111 3275 155 3328 1⁰.
172 3261 339 3350 Sultjecm.
357 3262 447 3330 Nam
456 3271 652 3346 arrogantur
662 3259 810 3329 homines
820 3261 960 3348 suijuris
971 3265 1005 3332 iu
1018 3269 1097 3336 nul-

72 3348 125 3415 lius
140 3364 296 3440 potestate
318 3351 420 3438 patria
445 3347 638 3417 constituti:
658 3349 856 3439 adoptantur
877 3350 1095 3443 filiifamilias,

16 3437 17 3450 ²
71 3440 207 3529 adeoque
220 3441 368 3511 homines
384 3439 488 3505 alieno
499 3439 569 3528 juri
579 3439 725 3524 subjecti.

113 3543 157 3595 2⁰.
173 3533 306 3596 Forma
317 3527 372 3618 vel
382 3531 493 3596 niodo.
508 3529 595 3594 Nam
609 3527 773 3616 arrogatio
785 3529 822 3594 fit
834 3528 990 3600 beneficio
1003 3538 1098 3626 prin-

72 3617 146 3706 cipis
166 3641 222 3708 per
242 3620 310 3708 ejus
326 3621 519 3708 rescriptum
531 3645 540 3681 ,ε
552 3619 686 3706 adoptio
709 3619 848 3706 imperio
870 3623 1097 3710 magistratus,

72 3727 134 3792 quo
154 3720 307 3796 presente
323 3709 350 3778 ai
371 3721 463 3798 pater
482 3707 644 3788 declaret,
670 3730 703 3772 ae
725 3707 815 3772 hunc
830 3707 1098 3780 lilium‘alteriin

73 3797 275 3885 adoptionem
300 3800 377 3866 dare
391 3847 409 3880 ,.
421 3811 454 3864 ot
467 3798 625 3885 adoptans
639 3809 774 3878 contra,
789 3821 821 3862 se
835 3799 929 3866 illum
950 3803 1008 3868 lilii
1017 3805 1100 3872 *loco

73 3881 187 3952 habere
209 3890 310 3970 velle,
331 3911 382 3954 res
403 3898 564 3954 transacta
585 3899 643 3968 est.
673 3887 722 3950 De
744 3889 951 3976 arrogatione
975 3893 1103 3978 agitem

75 3972 575 4074 l·179«18u,rleadoptione§.
593 3973 757 4044 stt-186.
838 4043 840 4056 .
896 4067 923 4134 P
998 4023 1013 4032 ..

422 4117 428 4129 ·
940 4088 958 4132 2
