2644 4504
262 316 326 382 270
374 305 379 314 ⁴
535 302 716 372 LIBER
743 301 781 384 I,
807 301 925 368 TIT.
950 301 1044 368 XX.
1124 295 1127 303 ’
1169 293 1174 300 ’

261 430 457 475 aueoeoeores
477 431 550 476 rem
572 425 745 478 mutarunt
768 412 864 478 variis
885 411 1167 477 constitutionibus.
1188 411 1262 476 Nam

169 549 222 580 φ
267 509 314 564 1⁰.
336 500 396 562 sub
416 501 554 566 Claudio
575 503 790 592 imperatore,
809 515 887 566 teste
907 505 997 566 Suet.
1024 501 1140 566 Claud.
1159 523 1185 565 c.
1206 509 1261 579 25,

262 600 399 652 cautum
416 601 463 652 est
483 593 812 672 Senatus-Consulto,
833 604 873 654 ut
894 613 962 656 uon
982 592 1117 678 amplius
1134 602 1265 678 pretores

264 699 344 740 cum
359 679 496 744 tribunis
509 682 630 770 plebis,
645 683 700 746 sed
718 683 865 747 consules
878 694 999 744 tutores
1014 679 1140 768 pupillis
1153 683 1265 756 darent,
1308 693 1309 704 ¹

262 777 296 828 et
310 767 442 852 quidem
456 787 499 834 ex
517 771 740 856 inquisitione.
756 772 777 835 i.
794 793 823 835 e.
838 783 877 833 ut
892 772 987 834 simul
1007 771 1042 833 iu
1057 791 1157 832 mores
1171 779 1200 831 et
1216 770 1267 832 ha·
1305 775 1306 792 ³

263 853 420 921 bitiurem
430 871 577 924 tutorum
590 860 701 924 sedulo
714 863 914 947 inquirerent
924 909 933 938 ,
943 862 974 944 3.
984 863 1026 937 3,
1042 883 1108 946 seq.
1122 859 1200 921 leat.
1209 859 1237 920 b.
1247 869 1265 921 t.
1305 857 1309 895 l

261 945 354 1030 quod
370 949 431 1010 sub
447 949 715 1027 'l'raiano'adbuc
734 948 859 1014 fastum
877 971 943 1013 esse
964 951 1116 1012 discimus
1135 967 1176 1010 ex
1197 946 1267 1011 Pliu.
1308 947 1309 990 i

265 1034 379 1119 Epist.
395 1037 474 1116 IX,
491 1039 539 1102 13.
557 1046 602 1120 2⁰.
617 1039 685 1102 Sub
701 1041 816 1102 Marce
830 1038 1003 1102 Antonino
1013 1037 1179 1123 singularia
1190 1058 1268 1100 cous·
1308 1031 1309 1073 t

195 1125 247 1148 “““
265 1123 339 1186 titui
357 1127 459 1216 coepit
472 1137 593 1216 praetor
609 1128 785 1205 terebris,
802 1127 859 1214 qui
881 1139 1011 1198 tantum
1033 1139 1152 1199 tutores
1169 1126 1268 1201 dabat,
1308 1125 1309 1187 l

261 1221 299 1278 'et
315 1235 440 1280 caussas
455 1216 606 1282 tutelares
620 1217 854 1304 cognoscebat,
872 1217 903 1302 §.
921 1214 970 1298 4,
992 1217 1028 1282 la.
1050 1227 1075 1280 t.
1100 1215 1163 1280 lul.
1186 1214 1268 1301 Capi·
1308 1217 1309 1294 ᾖ

266 1303 325 1364 tol.
343 1305 381 1368 in
397 1307 469 1369 vita
492 1303 547 1372 M.
567 1307 743 1378 Antonini
764 1307 848 1392 imp.
865 1330 896 1377 c.
919 1328 968 1370 to.
990 1305 1035 1370 3⁰.
1061 1306 1172 1378 Paullo
1192 1315 1268 1391 post,
1308 1297 1309 1341 t

265 1391 325 1455 sub
341 1395 478 1474 Severo,
493 1407 529 1458 ut
544 1395 688 1474 videtur,
703 1395 901 1474 invaluerat,
915 1406 952 1462 ut
966 1406 1089 1458 tutores
1098 1395 1133 1458 iu
1144 1392 1216 1456 urbe
1225 1393 1269 1454 da·
1308 1397 1309 1464 ἶ

169 1527 232 1554 ...,
265 1492 339 1545 reut
360 1495 531 1571 praetores,
551 1483 639 1548 iutra
658 1485 869 1548 centesimum
884 1485 929 1548 ab
942 1484 1031 1550 urbe·
1045 1483 1183 1571 lapidem
1201 1503 1269 1570 pre·
1308 1505 1309 1518 .

265 1567 341 1634 fecti
364 1573 541 1660 praetorio,
565 1585 659 1643 extra
687 1574 812 1637 ltaliam
836 1575 872 1636 in
892 1573 1069 1662 provinciis
1081 1572 1270 1659 hmagistratus
1308 1571 1309 1610 ³

265 1659 498 1749 municipales,
512 1662 601 1744 jussu
622 1663 819 1750 presidum,
839 1674 961 1727 tutores
975 1662 1091 1726 darent
1104 1711 1114 1741 ,
1134 1660 1222 1746 33,
1237 1655 1269 1732 i,

266 1749 357 1813 Inst.
373 1750 406 1813 Ιι.
426 1761 450 1814 t.
471 1753 518 1815 4⁰.
537 1748 687 1838 Denique
701 1763 731 1815 et
746 1751 998 1839 municipalibus
1013 1748 1238 1836 magistratibus
1248 1759 1270 1808 et

266 1838 422 1928 episcopis
437 1852 470 1904 et
480 1841 620 1924 juridico
636 1841 848 1906 Alexandriae
862 1842 895 1904 id
904 1842 958 1927 jus
973 1841 1108 1914 datum,
1123 1851 1161 1902 ut
1174 1850 1270 1901 tutores

183 1929 238 1950 '¹¹⁸
267 1926 344 1992 dare
359 1942 499 2016 possent.
521 1929 585 1994 Sed
602 1931 673 1994 haec
692 1931 833 1994 historiae
846 1941 977 1994 tantum
998 1952 1109 1994 caussa
1128 1927 1270 1992 uelanda:
1307 1961 1309 2018 3

266 2039 346 2080 narn
361 2039 436 2081 usus
459 2019 557 2100 hujus
574 2019 622 2082 rei
637 2019 733 2092 bodie
752 2018 863 2083 nullus
882 2029 948 2101 est,
966 2015 1042 2106 quia
1065 2019 1162 2088 hodie
1179 2013 1272 2080 tutoris
1308 2051 1309 2098 3

267 2106 355 2170 datio
365 2117 414 2170 est
426 2107 601 2172 ordinariae
614 2109 860 2192 jurisdictionis,
881 2130 1057 2194 omnesque
1075 2107 1196 2194 judices
1206 2155 1215 2186 ‚
1231 2103 1273 2190 qui

264 2196 520 2274 jurisdictionem
532 2197 662 2262 civilem
673 2198 808 2280 habent,
819 2197 917 2264 eliam
929 2203 1051 2262 tutores
1063 2197 1140 2262 dare
1152 2203 1275 2284 possuut;
1307 2251 1309 2289 3

266 2285 315 2346 uti
328 2283 411 2350 iubs
425 2286 614 2350 videbimus.
1304 2295 1305 2298 ’

309 2431 324 2482 J
328 2429 426 2484 udices
440 2429 535 2502 pacis,
549 2428 630 2502 apud
642 2449 716 2499 nos,
737 2442 807 2492 suut
817 2429 926 2504 quibus
941 2429 1105 2504 specialiter
1118 2429 1213 2490 Codex
1222 2443 1274 2484 uos

267 2521 312 2566 ter
324 2510 476 2566 mandavit
495 2550 505 2578 ,
523 2521 558 2568 ut
570 2511 668 2574 tutela
680 2511 796 2570 dationi
806 2524 1048 2586 praeessenhan.
1062 2511 1126 2602 416.
1305 2509 1309 2522 ''

659 2649 932 2740 §.coxeris
1036 2657 1041 2741 j
1132 2667 1135 2682 ·

311 2804 331 2868 J
334 2825 389 2868 am
401 2823 503 2890 porro
517 2817 560 2867 ex
572 2803 682 2890 primo
695 2802 860 2867 axiomata
875 2799 968 2880 fluit,
986 2800 1111 2884 tutoris
1122 2801 1276 2867 dationem
1308 2803 1309 2882 J

267 2903 339 2958 nois
354 2915 454 2980 porse
470 2893 643 2957 inundari.
664 2891 758 2976 Quid
776 2891 868 2956 boo?
886 2891 1083 2970 Sciendum,
1106 2893 1182 2956 alias
1197 2889 1277 2974 jun's-
1308 2889 1309 2972 3

267 2983 446 3050 dictionem
455 3003 696 3068 equorumque
707 2981 899 3066 magistratu
911 2980 966 3044 alii
977 2978 1129 3044 mandari
1138 2978 1275 3076 potuisse:
1308 2975 1309 3004 ¹

265 3096 298 3138 e.
314 3095 346 3158 g.
367 3072 393 3136 si
415 3084 537 3160 praetor·
560 3071 601 3134 ab
626 3070 707 3136 urbe
732 3071 838 3136 abesse
851 3066 1054 3154 cogebatur,
1077 3081 1158 3133 tune
1172 3073 1278 3158 poterat

268 3163 400 3226 cuidam
412 3160 545 3247 college
552 3159 810 3246 jurisdictionem
822 3178 916 3224 suem
927 3158 1096 3228 mandare.
1110 3159 1158 3222 Ita
1169 3171 1200 3222 et
1210 3175 1278 3246 pre·

267 3273 316 3316 aea
331 3251 530 3338 provinciae,
545 3249 620 3336 qnia
637 3262 704 3312 nou
723 3248 844 3336 ubique
858 3271 919 3336 per
936 3248 1141 3335 prouinciam
1160 3261 1279 3336 pressus

268 3351 382 3406 cesset
396 3339 449 3422 jus
460 3340 569 3404 dicere
584 3350 710 3425 poterat
722 3389 731 3419 ,
741 3337 999 3424 jurisdictionem
1012 3360 1104 3402 suan
1124 3333 1280 3400 mandabat

271 3428 394 3513 legatis.
409 3428 485 3512 Qud
501 3429 541 3490 de
555 3427 774 3512 maluginense
788 3427 901 3491 titulus
918 3437 1023 3491 exstat
1043 3429 1081 3492 in
1100 3425 1180 3492 Lib.
1206 3413 1277 3507 μβ·

269 3517 312 3580 de
326 3517 436 3605 officio
455 3516 552 3602 ejus,
569 3517 812 3583 estimandum
832 3527 883 3580 est
900 3515 1105 3596 jurisdictio.
1128 3513 1278 3600 Quaeritur

268 3627 367 3690 ergo,
380 3628 423 3669 an
432 3617 465 3669 et
477 3604 591 3668 tutoris
603 3605 691 3669 datio
702 3606 772 3673 aliis
783 3605 933 3670 mandari
948 3607 1044 3693 possit
1055 3627 1072 3668 a
1085 3593 1278 3690 magistratu?

270 3695 311 3760 ld
325 3707 464 3780 negatur
479 3695 515 3759 iu
527 3695 552 3758 l.
569 3698 609 3774 8,
618 3719 677 3782 pr,
684 3693 731 3784 ff
749 3697 782 3760 b.
798 3708 822 3761 t.
844 3695 896 3758 Ex
911 3717 975 3782 qua
987 3695 1138 3760 ratione?
1160 3694 1211 3759 Ex
1230 3689 1279 3786 ἀξι-

269 3784 373 3872 plici:
392 3793 437 3850 1⁰.
459 3783 548 3868 Quia
568 3785 684 3848 tutoris
708 3787 799 3858 datio
824 3807 892 3848 uon
912 3797 960 3848 est
989 3805 1031 3848 ex
1052 3783 1157 3848 officio
1178 3797 1279 3863 magis·

269 3886 393 3959 uetus,
407 3875 462 3940 sed
476 3895 520 3940 ex
530 3875 662 3964 speciali
675 3875 755 3968 lege.
771 3876 790 3941 J
792 3897 846 3942 am
858 3896 1075 3966 quecumque
1089 3883 1164 3938 sunt
1177 3890 1216 3937 ex
1226 3885 1280 3955 spe·
