2662 4500
243 361 308 430 sos
494 343 1020 448 LIBEtt1‚T1T.XXV.

120 480 124 492 ¹
242 493 349 536 onera
362 470 486 536 tutelae.
502 471 565 536 Sed
580 471 633 535 hic
648 472 903 556 observandum,
920 475 972 564 (a)
987 469 1160 573 computari
1172 479 1241 566 tuta

241 560 289 624 las
308 582 420 626 omnes
435 560 471 623 in
485 583 552 624 una
572 559 692 642 dom03
711 562 791 627 adeo
806 575 857 646 ut,
872 565 898 629 si
911 587 939 630 e.
956 587 989 652 g.
1004 576 1094 654 pater
1115 579 1205 624 unam
1216 567 1243 622 et

242 650 363 736 singuli
377 649 445 733 ejus
459 647 668 714 filiifamilias
685 651 826 738 singulas
840 655 955 718 tutelas
972 663 1085 740 gerant
1092 701 1103 732 ‚
1115 650 1146 714 id
1159 668 1242 714 excu·
1315 703 1316 728 3

240 749 299 803 set.
316 736 362 826 (h)
381 737 514 802 Tutelas
530 758 597 803 non
613 751 682 802 tam
701 743 936 824 numerandas,
962 754 1062 830 quam
1076 739 1243 830 ponderan·
1314 755 1316 836 p

240 827 297 891 das
310 849 384 892 esse.
395 827 483 890 Hinc
495 827 521 892 sl
536 850 600 892 una
612 829 653 893 sit
665 829 844 896 admodum
856 831 986 913 diffusa,
997 843 1030 896 et
1044 853 1107 895 una
1117 834 1243 894 excusat.
1314 839 1316 914 l

240 918 275 983 Si
298 929 360 982 tres
384 916 448 980 sint
469 916 649 1010 admodum
669 915 791 1001 faciles,
806 943 848 986 ne
868 921 921 986 hae
940 921 1070 1008 quidem
1087 916 1244 983 sufficiunt.
1315 921 1316 956 i

179 1007 215 1033 ‘⁸'
240 1019 288 1072 2⁰.
304 1005 438 1072 'l‘utelas
459 1027 528 1070 non
549 1008 715 1071 numerari
731 1009 911 1074 secuudum
929 1031 1103 1074 numerum
1120 1003 1247 1095 pupillo·
1314 975 1316 1058 l

238 1117 338 1176 rum,
358 1097 412 1160 sed
434 1096 614 1160 secuudum
632 1117 809 1161 numerum
829 1099 995 1162 rationum
1013 1095 1245 1164 reddendarum·
1315 1095 1316 1110 ³

237 1186 329 1251 Hinc
339 1184 365 1248 si
379 1183 449 1270 quis
463 1206 491 1248 e.
504 1206 536 1271 g.
552 1197 693 1270 quatuor
706 1183 846 1250 fratrum
861 1189 996 1252 tutelam
1011 1187 1110 1275 gerit,
1122 1179 1246 1248 nonnisi
1314 1245 1315 1264 p

237 1297 341 1342 unam
355 1295 465 1360 gerere
474 1284 636 1354 censetur,
649 1276 679 1360 3.
693 1279 737 1354 5,
753 1275 843 1340 Ince.
858 1275 882 1340 l.
899 1279 956 1355 31,
971 1279 1002 1362 3.
1016 1275 1057 1355 4,
1063 1274 1110 1364 ff
1124 1275 1156 1340 h.
1170 1281 1191 1336 t.
1204 1264 1244 1356 (d)
1314 1275 1316 1344 ζ

236 1363 450 1431 Elicusationi
463 1363 539 1428 huic
555 1364 665 1444 locum
676 1385 745 1428 nou
758 1386 822 1450 esse
831 1413 841 1446 ,
861 1366 888 1430 si
902 1365 1020 1454 pupilli
1039 1365 1102 1430 siut
1118 1355 1246 1452 proximi

237 1453 419 1544 pubertati,
439 1451 483 1516 ita
505 1465 542 1516 ut
563 1445 693 1516 tantum
714 1465 843 1546 tempus
862 1465 1014 1522 semestre
1030 1455 1187 1541 reliquum
1202 1446 1247 1524 sit,

236 1545 323 1608 iutra
337 1543 426 1630 quod
441 1543 540 1605 tutela
555 1541 796 1624 continuanda,
823 1542 846 1608 l.
860 1565 896 1630 sy
907 1591 918 1622 ,
938 1567 995 1631 pr.
1023 1546 1057 1610 Is.
1078 1554 1102 1606 t.
1121 1539 1162 1629 (e)
1182 1536 1248 1601 Nou
1310 1551 1314 1558 '

236 1652 393 1698 excusare
408 1631 524 1695 tutelas
538 1630 746 1711 honorarius,
760 1631 782 1695 i.
797 1653 826 1694 e.
841 1653 919 1696 cum
936 1633 1028 1697 nullu
1045 1652 1142 1698 onere
1154 1624 1247 1692 admi-

235 1720 433 1786 nistrationis
446 1719 656 1807 conjunctas,
672 1719 695 1784 l.
714 1726 773 1798 15,
795 1721 825 1805 3.
844 1745 869 1806 9
877 1770 889 1801 ,
893 1719 940 1810 ff
956 1723 989 1786 Ιι.
1003 1733 1028 1786 t.
1056 1721 1152 1788 Unde
1169 1713 1248 1780 facile

235 1822 345 1901 patet,
364 1809 428 1874 hic«
442 1829 571 1896 quoque
596 1809 756 1896 permulta
780 1809 891 1874 relicta
918 1831 981 1876 esse
1008 1811 1247 1895 magistratuum

236 1899 382 1968 arbitrio.
400 1899 544 1962 Excusat
566 1919 666 1985 porro
687 1905 730 1962 2⁰.
739 1909 953 1986 paupertas,
974 1899 1154 1988 etquidem
1171 1891 1247 1967 talis,

236 2001 294 2072 ut,
317 1989 344 2054 si
359 1988 494 2052 tutelam
513 1986 672 2073 suscipere
686 1998 873 2072 cogeretur,
891 1987 920 2051 ei
938 2011 1007 2053 non
1023 2000 1152 2054 tantum
1165 2001 1248 2070 supe·
1313 1983 1314 1988 ’

236 2089 333 2170 resset
348 2076 519 2165 temporis,
541 2091 613 2162 quo'
623 2075 747 2141 victum
761 2085 793 2139 et
810 2076 967 2142 amictum
985 2077 1043 2143 sibi
1056 2087 1161 2168 posset
1171 2091 1248 2159 quae·
1313 2073 1314 2082 ’

235 2189 326 2244 rere,
345 2168 375 2252 3.
389 2171 412 2232 6
425 2213 435 2243 ,
452 2165 539 2230 Insl.
553 2165 586 2229 b.
600 2174 625 2227 t.
642 2165 684 2228 Et
697 2163 777 2228 olim
792 2165 923 2251 quidem
935 2166 1005 2230 baec
1017 2187 1147 2256 quoque
1160 2179 1249 2227 excu-
1312 2169 1313 2172 ’

236 2257 328 2320 sandi
340 2275 450 2321 caussa
460 2265 530 2338 erat
549 2253 729 2340 yolpjitaria
745 2279 753 2317 t
768 2264 802 2317 at
813 2253 909 2318 bodie
921 2257 1036 2342 procul
1048 2256 1148 2321 dubio
1156 2269 1250 2316 necu-
1308 2279 1313 2311 ;

238 2337 501 2432 §spissatque
521 2334 611 2408 enim
631 2366 699 2406 non
718 2355 837 2408 temere
851 2343 939 2408 credi
952 2345 1050 2426 solet,
1065 2342 1183 2418 nisiei,
1203 2335 1250 2424 qui
1309 2332 1313 2366 l

234 2425 323 2499 bona
353 2430 533 2496 immobilia
558 2432 717 2519 possidet,
744 2430 836 2496 l'acile
858 2444 905 2496 est
927 2433 969 2496 ad
993 2429 1250 2520 intelligendum,

239 2543 399 2613 pauperes
418 2520 513 2585 hodie
534 2541 602 2583 non
624 2520 800 2584 admissum
819 2519 879 2602 iri,
899 2522 1023 2587 etiamsi
1044 2521 1151 2612 parati
1163 2523 1251 2584 esent
1307 2540 1312 2599 Ι

238 2614 281 2678 ad
297 2611 432 2676 tutelam
454 2608 700 2697 suscipiendam.
717 2609 860 2673 Excusat
874 2609 916 2673 ob
934 2612 1086 2677 camdem
1104 2611 1252 2698 impoten-
1307 2606 1312 2687 1

186 2718 208 2750 ·«
238 2703 320 2767 tiam
335 2701 382 2766 5⁰.
399 2698 557 2778 morbus,
575 2719 643 2762 non
657 2698 918 2786 qualiscumque,
930 2721 959 2763 e.
971 2722 1004 2786 g.
1020 2700 1189 2777 febricula,
1205 2713 1252 2756 ce·
1307 2694 1311 2776 l

239 2789 421 2882 phalalgia,
436 2787 491 2853 sed
502 2787 675 2852 chronicus
685 2798 717 2851 et
727 2787 771 2852 ita
786 2788 905 2853 lectulo
923 2789 1067 2876 adligans
1081 2787 1251 2858 homnem,
1310 2801 1311 2866 j

240 2895 279 2946 ut
291 2903 332 2945 ne
344 2879 408 2944 suis
422 2877 554 2965 quidem
565 2876 678 2956 rebus,
690 2876 812 2940 nedum
824 2877 955 2960 alienis3
978 2900 1139 2968 superesse
1176 2870 1251 2944 usit,
1310 2887 1311 2952 ἶ

240 2971 271 3057 3.
288 2992 337 3060 7,
354 2968 472 3034 Iastia
497 2967 530 3032 b.
551 2977 576 3030 t.
590 2965 710 3031 Obiter
729 2965 989 3048 observandum,
1012 2981 1135 3034 veteres
1152 2900 1252 3048 iujus-

238 3059 330 3126 modi
342 3055 497 3122 morbum
510 3077 635 3120 vocasse
653 3054 838 3136 sonarum,
858 3054 944 3120 Gall.
961 3055 1019 3120 lib.
1036 3056 1157 3135 XVI,
1172 3077 1198 3117 r·
1211 3045 1251 3122 l>
1309 3116 1310 3135 ,

239 3150 299 3216 lib.
314 3148 404 3227 XX,
412 3171 441 3210 c.
459 3169 495 3211 ιο
502 3194 514 3224 ,
529 3145 551 3210 l.
568 3167 610 3221 a,
627 3137 758 3231 33,χῇΓ
769 3145 888 3232 siquis
901 3141 992 3209 caut.
1009 3147 1046 3210 in
1049 3146 1135 3234 jud.
1149 3143 1253 3209 Excu-
1309 3140 1310 3164 ³

184 3259 215 3276 ...
238 3250 351 3302 santur
363 3237 407 3299 4⁰.
420 3235 462 3299 ob
474 3235 701 3322 impotentiam
714 3232 886 3314 illiterati,
901 3256 960 3322 per
975 3258 1055 3320 quos
1067 3236 1121 3300 hic
1132 3253 1197 3296 non
1208 3228 1253 3291 in·
1309 3241 1310 3270 l

237 3328 432 3410 telliguntur
445 3322 588 3401 indocti,
601 3321 655 3385 sed
677 3321 879 3403 ἀναλφάβητοι,
894 3321 915 3385 i.
931 3345 960 3387 e.
976 3323 1103 3410 legendi
1122 3319 1253 3387 scriben·
1305 3342 1309 3365 =

237 3416 337 3500 dique
356 3412 510 3499 imperiti.
531 3411 578 3474 Hi
593 3412 682 3476 enim
696 3412 834 3476 rationes
853 3409 1014 3477 conficere
1032 3436 1101 3478 non
1117 3415 1250 3502 possunt·
1305 3463 1309 3491 Ι,

238 3502 472 3574 Admittuntur
484 3510 593 3563 tamen
603 3499 656 3580 hi,
670 3498 716 3587 (a)
728 3501 752 3563 si
768 3500 866 3564 tutela
877 3523 946 3564 non
958 3501 1138 3567 admodum
1152 3493 1251 3562 diffusa

240 3605 274 3670 et
298 3589 359 3678 ipsi
381 3588 556 3676 prudentes
576 3599 667 3667 sunt,
690 3591 712 3652 l.
732 3591 772 3667 6,
792 3589 826 3674 3.
853 3589 914 3654 ult.
924 3639 934 3668 ,
983 3636 992 3654 .
1012 3591 1045 3656 b.
1062 3601 1086 3656 t.
1100 3585 1154 3742 db)
1168 3585 1191 3650 si
1205 3605 1252 3648 ra-

239 3675 943 3766 tionesreddipossintbacilbsfissilibus,Ker
964 3683 1090 3760 stocke3
1122 3673 1253 3764 equibus

236 3771 366 3856 elegans
385 3777 490 3830 exstat
504 3765 599 3830 Sam.
615 3765 762 3852 Stryckii
776 3767 859 3832 diss.
876 3767 918 3832 cle
939 3767 1071 3834 bacillis
1082 3761 1251 3852 fissilibus·

189 3888 205 3906 ··
239 3862 447 3938 Expusantur
461 3854 503 3920 ob
517 3855 747 3943 impotentiam
765 3857 811 3921 5⁰.
825 3859 1101 3944 septuagenarii,
1118 3854 1191 3942 quia
1203 3853 1253 3916 illl

228 3961 312 4017 atas
339 3944 543 4016 vacationem
570 3943 733 4013 tribuebat
756 3943 797 4009 ab
824 3944 894 4011 aliis
923 3951 1056 4037 quoque
1077 3939 1255 4016 muneribus
