2646 4496
282 389 356 455 DE
385 386 901 457 ADOPTIONIBUS..
1022 382 1085 454 255

84 503 109 557 ct
127 495 311 562 exstiterunt
320 509 352 564 et
368 509 495 564 exstant
513 499 547 564 in
568 497 746 565 Germania
769 495 951 588 adoptionis
971 518 1089 562 exem-

83 585 146 670 pla,
165 585 267 672 qualia
290 611 308 652 a
331 589 486 678 Strychio
508 601 541 653 et
563 589 708 678 Culpisio
730 589 765 654 in
789 589 945 676 singulari
966 587 1089 651 dissert.

83 675 198 739 collecta
214 689 298 742 sunt.
316 678 386 743 Nec
404 680 519 744 desunt
542 679 693 768 exemplu
715 679 837 768 inipso
860 676 995 764 Belgio,
1020 677 1089 742 imo

81 773 106 825 et
116 764 145 826 in
155 765 268 848 Furia,
286 767 335 832 uti
347 767 501 835 Huberus
513 770 551 835 in
558 769 711 858 praelect.
729 767 775 834 ad
788 769 878 834 [nst.
898 769 931 833 t.
948 777 971 830 t.
988 768 1019 851 S.
1036 761 1088 830 14.
1178 815 1181 820 -

81 851 184 918 docuit.
208 856 278 922 Nec
303 857 441 922 dubium
460 870 525 938 est,
551 859 632 946 quin
656 873 769 924 omnes
793 856 922 922 effectus
943 867 976 920 et
990 853 1091 919 hodie
1167 855 1170 860 “

80 937 171 1006 locum
192 945 343 1014 habeant.
361 947 568 1035 Negendum'
581 961 693 1014 tamen
714 969 782 1014 non
804 959 871 1028 est,
892 945 1032 1018 rariores
1053 945 1089 1010 in

81 1027 120 1094 his
138 1035 317 1120 regionibus
342 1060 405 1102 esse
431 1039 641 1128 adoptiones,
665 1061 765 1126 quam
784 1036 873 1126 apud
895 1037 1088 1116 Romanos,

81 1121 142 1205 quie
164 1126 265 1190 ratius
289 1127 325 1192 in
347 1127 477 1192 climate
503 1127 669 1215 frigidiore
691 1128 810 1192 steriles
835 1137 911 1191 sunt
937 1123 1067 1190 seminae
1079 1173 1089 1204 ‚

80 1231 162 1294 quam
174 1214 207 1278 in
218 1217 370 1282 calidiore
383 1217 492 1296 Italia,
504 1217 561 1283 ubi
570 1220 764 1310 plerumque
775 1235 882 1282 mures
891 1266 904 1294 ‚.
914 1228 1091 1300 antequam

78 1297 169 1366 ineunt
184 1306 453 1388 matrimonium,
467 1303 614 1373 festinate
631 1305 777 1389 Venere,
792 1307 876 1374 vires
895 1301 1091 1395 procreandi

27 1465 30 1475 Ι
77 1389 201 1458 sobolem
211 1393 355 1488 deterere
366 1395 480 1462 solent.

377 1485 768 1628 cccxxixvnr.
811 1553 812 1558 ¹

109 1687 145 1756 In
166 1717 225 1760 usu
248 1718 379 1784 quoque
401 1709 449 1763 est
465 1696 554 1786 apud
578 1696 764 1764 Germanos
788 1694 889 1762 Unio
911 1689 1089 1779 prolium,

25 1857 27 1872 Ι
75 1801 156 1864 quom
175 1786 370 1873 plerumque
393 1787 540 1853 doctores
558 1808 620 1876 pro
640 1785 823 1874 adoptionis
845 1785 950 1872 specie
974 1782 1092 1854 vendi·

25 1873 27 1940 f
76 1879 142 1936 tent.
154 1871 352 1964 Dispicimus
366 1877 490 1965 itaque,
507 1881 552 1942 ιο.
567 1875 645 1962 quid
660 1877 719 1957 sit,
729 1887 762 1940 et
777 1877 822 1940 2⁰.
839 1895 882 1940 au
896 1895 973 1938 cum
988 1870 1092 1958 adop-

25 1979 27 2036 Ῑ
77 1959 147 2026 lione
163 1965 344 2054 quidquem
360 1988 537 2032 commune
552 1963 693 2032 hebeat?
715 1973 755 2030 ιο.
772 1965 863 2030 Unio
879 1961 1023 2052 prolium
1038 1960 1092 2024 lo-

25 2041 28 2136 J
77 2069 139 2115 cum
162 2053 283 2138 habet,
310 2057 443 2144 quando
469 2056 607 2136 viduus,
631 2053 688 2142 qui
708 2056 778 2142 jem
802 2053 920 2127 liberos
941 2073 959 2116 e
982 2048 1092 2153 priore

25 2141 27 2160 ¹
75 2143 268 2210 matrimonio
285 2145 401 2228 hebet,
423 2139 557 2212 viduam‘
583 2146 703 2210 itidem
727 2146 942 2218 diversorum
964 2140 1091 2208 libero*

75 2249 140 2294 rum
159 2247 308 2302 matrem
325 2258 464 2306 uxorem
486 2236 694 2318 ducit-Turn
718 2234 807 2304 enim
833 2254 917 2320 saepe
942 2240 1093 2320 parentes
1165 2259 1168 2268 ·

25 2329 27 2408 l
74 2333 192 2466 factum
206 2319 343 2406 ineunt,
358 2339 396 2390 ut
410 2325 445 2390 hi
461 2323 555 2390 liberi
568 2323 710 2414 privigni
725 2345 804 2390 cum
817 2322 855 2388 iis
867 2372 877 2402 ‚
891 2319 997 2408 quiin
1015 2338 1092 2408 pos-

25 2453 27 2458 s
85 2427 165 2475 erum
186 2415 370 2502 prodierint
387 2415 432 2479 in‘
445 2415 577 2495 lucem,
601 2436 695 2500 aequo
713 2414 786 2500 jure
809 2412 940 2498 utrique
964 2409 1093 2501 parenti

35 2561 37 2571 ¹
74 2501 243 2589 succedant,
261 2503 394 2570 ld-vero
412 2515 546 2594 pectitur
567 2498 637 2568 lieri
656 2501 751 2570 debet
769 2501 818 2591 (a)
837 2523 949 2567 coram
972 2498 1093 2584 magis-

53 2601 57 2613 ·
74 2593 146 2654 trstu
163 2603 386 2682 competente,
402 2593 447 2682 (b)
463 2593 583 2682 proeviu
598 2615 716 2658 ceussae
730 2592 937 2680 cognitione,
952 2611 994 2654 ne
1008 2585 1092 2653 forte

73 2695 125 2742 una
138 2703 211 2770 pers
222 2677 406 2750 liberorum
419 2683 557 2748 ledetur
565 2681 629 2772 ,·(o)
644 2682 826 2748 constitutis
837 2681 1018 2746 liberorum
1033 2699 1094 2742 cu·

72 2771 234 2855 tutoribus,
263 2791 443 2861 eorumque
460 2771 606 2838 adhibito
629 2791 798 2838 consensu.
817 2769 932 2836 Exstat
954 2765 1090 2846 Rickii,

25 2883 26 2892 ¹
72 2851 306 2943 iurisconsulti,
329 2869 496 2932 tractatus
521 2855 563 2928 de
583 2862 712 2928 unione
721 2861 900 2950 prolium,
922 2856 979 2923 ubi
995 2856 1092 2944 plura

25 2995 27 3000 ,
72 2941 143 3012 hene
156 2951 191 3014 in
204 2973 280 3018 rem
298 2959 488 3016 occurrunt.
506 2951 580 3017 lam
595 2969 674 3036 ergo
697 2959 745 3016 2⁰.
761 2947 856 3014 facile
875 2945 1092 3032 intelligitur,

72 3053 105 3098 tn
115 3037 181 3104 hsec
194 3039 275 3107 unio
285 3041 431 3132 prolium
441 3041 482 3106 sit
493 3040 660 3132 adoptioni
671 3039 807 3105 similist
819 3038 987 3124 Negamus
996 3055 1093 3114 vero,

25 3119 27 3204 i
72 3143 131 3190 eum
149 3131 331 3219 quidquem
347 3150 425 3196 cum
440 3127 502 3197 hec
518 3131 695 3196 commune
711 3127 842 3195 hebere.
856 3125 891 3191 N
893 3149 948 3192 em
962 3147 1031 3208 non
1045 3135 1093 3190 est

25 3209 34 3330 J,
71 3217 173 3282 modus
187 3221 382 3308 adquirendi
397 3219 537 3308 petriam
554 3227 757 3310 potestatem.
770 3217 924 3286 Vitricus
937 3215 1010 3280 ideo
1022 3237 1093 3280 non
1125 3226 1128 3236 '

25 3369 26 3374 ,
71 3299 200 3394 fitpater
214 3309 464 3401 privignorum,
479 3329 539 3375 nec
554 3309 656 3374 ullum
671 3309 774 3374 ineos
788 3317 981 3398 potestatem
993 3327 1092 3370 exer-

71 3403 122 3458 Gel·
146 3399 203 3464 Est
225 3422 304 3487 ergo
328 3411 457 3466 tuntum
475 3411 610 3490 pactum
629 3399 873 3465 successorium.
900 3395 995 3462 Talia
1015 3395 1092 3483 jure

70 3478 212 3552 Romano
230 3501 322 3554 erant
339 3488 526 3578 prohibita,
545 3489 593 3556 uti
605 3487 695 3553 infra
713 3489 787 3554 Lib.
805 3489 863 3568 ll,
883 3487 951 3553 Tit.
967 3485 1023 3567 X,
1040 3483 1092 3550 di-

70 3591 184 3658 cemus,
206 3579 295 3668 apud
309 3591 418 3669 gentes
436 3590 545 3648 autem
561 3579 695 3667 originis
709 3577 917 3646 Germanicus
931 3585 1008 3644 sunt
1025 3571 1092 3638 fre·

69 3669 276 3748 quenustma.
