2644 4504
249 361 317 451 29e
483 351 1034 453 ninnu1,n1r.xx1'v.

248 473 271 537 l.
285 475 345 552 53,
357 475 387 558 §.
401 477 435 553 3,
443 472 482 566 ff.
495 476 536 542 de
538 475 630 565 furt.
643 480 736 564 cttjus
748 479 795 544 rei
808 481 969 545 rationem
980 478 1061 546 infra
1075 478 1115 564 (§.
1130 472 1204 558 783,
1217 469 1257 550 5.)

186 597 230 666 2
246 562 431 629 reddemus.
448 567 596 646 Deinde,
614 568 638 630 si
660 589 758 632 nemo
776 569 956 649 sunderat,
979 566 1143 660 praefertur
1154 565 1178 628 is
1189 611 1197 643 ,
1208 560 1257 646 qui

250 665 270 715 a
290 662 439 718 testatore
454 647 501 720 est
513 655 716 744 designatus,
734 659 810 745 quia
828 660 896 745 ejus
915 659 1014 723 iidem
1028 669 1060 724 et
1074 651 1257 740 diligentiam

185 795 209 816 ,,
250 763 352 828 quam
366 743 516 814 ,maxime
536 745 665 812 videtur
684 748 886 836 adprobasse.
905 750 1025 828 Porro,
1044 745 1170 810 nemine
1188 737 1259 803 desi·
1315 761 1317 808 3

183 828 206 895 d
251 842 374 915 gnato,
393 833 435 897 ad
453 856 529 898 eum
550 835 722 924 pertinebit
738 837 993 917 administrati0,
1013 837 1054 900 ad
1072 829 1259 922 quemillam
1316 915 1317 918 Ἴ

199 1177 222 1272 't

252 919 360 1005 major
378 933 615 1009 perstaturum
631 925 744 991 defert.
765 929 881 1012 Quum
899 927 988 992 enim
1008 949 1069 1014 par
1086 923 1124 988 sit
1133 921 1184 1009 jus
1195 941 1259 982 om-

251 1009 364 1088 nium,
383 1011 463 1076 nihil
479 1014 602 1099 asquitm
614 1015 770 1095 videtur,
786 1039 889 1103 quam
903 1029 940 1080 nt
954 1015 1100 1105 plurium
1119 1005 1260 1093 suffragiis

250 1098 370 1162 electus
390 1101 521 1188 reliquie
539 1101 746 1170 anteferatur.
770 1106 943 1193 Denique,
969 1125 1029 1169 neo
1054 1099 1261 1167 eontutoribus

250 1187 459 1272 eligentibus,
475 1194 621 1278 praemris
635 1205 699 1274 est,
712 1195 917 1284 interponere
931 1193 1096 1272 officium,
1108 1201 1140 1256 et
1152 1209 1260 1260 ultum,

251 1279 570 1380 quamoptissimum
592 1294 706 1370 putat,
726 1285 902 1370 designare.
927 1284 1032 1348 Multa
1054 1280 1141 1346 enim
1162 1279 1218 1344 hae
1233 1278 1262 1340 in

198 1435 200 1451 Ι
249 1387 286 1428 re
301 1367 532 1454 relinquuntur
548 1373 752 1458 magistratus
772 1373 879 1439 officio
899 1373 1120 1458 arbitrioque,
1140 1369 1214 1433 adeo
1229 1376 1260 1428 ut

249 1474 312 1519 nec
322 1457 488 1524 'testatoris
504 1460 706 1527 voluntatem
720 1485 847 1552 semper
860 1463 969 1549 sequi,
985 1483 1045 1526 nee
1061 1481 1159 1538 eum,
1176 1456 1225 1544 qui
1235 1475 1261 1518 se

250 1558 365 1633 sponte
384 1545 500 1630 offert,
523 1549 662 1637 reliquis·
675 1552 850 1618 necessario
871 1550 1021 1640 praeferre
1041 1545 1209 1628 torieatur,
1227 1542 1260 1608 oh

250 1655 395 1717 caussas,
414 1661 495 1725 quas
508 1636 598 1704 affert
614 1641 775 1729 Ulpianus
790 1642 825 1707 d.
841 1642 864 1706 l.
885 1645 925 1720 3,
941 1642 971 1726 ς.
987 1642 1029 1718 3,
1044 1639 1088 1704 cte
1103 1637 1193 1702 adm.
1208 1643 1260 1698 tut.

251 1735 285 1786 θ’
298 1725 321 1788 ἶ·
340 1749 393 1814 ¹7,
409 1729 439 1812 δ
456 1749 509 1807 12,
513 1727 560 1881 χῖ
575 1730 616 1794 de
629 1740 703 1795 teet.
722 1741 822 1796 tutor.
839 1729 993 1817 Quisquis
1013 1741 1125 1792 autem
1138 1747 1179 1790 ex
1197 1723 1261 1812 plu·

248 1812 339 1878 ribus
357 1820 519 1882 contutori
546 1839 582 1883 us
599 1820 684 1884 solus
702 1819 1015 1885 administrationem
1031 1815 1184 1904 suscipit,
1201 1811 1264 1878 reli·
1316 1893 1317 1902 ἵ

225 1909 233 1994 q
251 1904 341 1988 quis,
354 1917 392 1968 ut
411 1905 573 1988 diximus,
591 1920 720 1975 tenetur
739 1909 907 1989 satisdare,
923 1931 994 1972 rem
1013 1906 1140 1996 pupillo
1156 1903 1263 1968 salvan
1316 1931 1317 1942 ¹

223 1999 233 2074 l
248 1991 337 2074 fore,
352 1995 418 2060 sive
435 1997 476 2062 sit
493 1999 770 2078 testamentarius,
784 1999 850 2063 sive
868 1997 1048 2084 legitimus,
1060 1995 1128 2062 sive
1140 1994 1261 2090 dativae

64 2107 205 2238 a

220 2565 229 2661 l

249 2081 312 2149 Sed
334 2095 439 2172 posset
457 2087 527 2174 quis
549 2087 709 2174 objicere,
729 2089 893 2153 nemiuem
918 2109 974 2176 per
994 2087 1071 2170 jura
1092 2095 1198 2149 nostra
1219 2079 1263 2143 elit
1316 2109 1317 2114 ¹

274 2174 523 2263 osse-stipulari,
540 2199 641 2266 quam
653 2177 712 2242 sibi
726 2226 736 2256 ,
749 2179 779 2263 ἕ.
797 2174 840 2256 4,
859 2178 949 2242 Inat.
968 2175 1010 2240 de
1026 2173 1141 2240 inutil.
1160 2165 1262 2257 stipul·
1313 2167 1317 2232 ,Ῑ

249 2193 306 2333 lic
322 2275 433 2328 autem
447 2277 632 2330 oontutorea
647 2265 688 2331 ab
706 2289 765 2346 eo,
781 2265 838 2354 qui
851 2264 1163 2331 administrationem
1182 2258 1266 2326 susei-
1313 2316 1314 2335 ,

249 2351 317 2436 pit,
333 2352 550 2440 stipulantur,
568 2378 638 2420 rem
663 2356 790 2444 pupillo
812 2355 936 2420 salvam
951 2351 1035 2433 fore,
1051 2352 1195 2438 adeoque
1208 2367 1265 2414 nou
1311 2353 1315 2410 t

250 2437 311 2502 sibi
324 2441 538 2526 stipulantur,
557 2445 611 2508 sed
625 2445 699 2524 alii,
715 2445 829 2524 idest,
846 2441 973 2533 pupillo
989 2471 997 2507 ε
1017 2463 1098 2528 ergo
1115 2435 1264 2530 stipulatio

249 2527 306 2593 illa
325 2531 387 2594 erit
403 2531 537 2597 inutilis.
553 2533 617 2597 Sed
636 2535 869 2624 respondetur,
891 2532 1040 2619 regulam
1056 2532 1149 2597 illam
1167 2545 1266 2606 veram
1314 2571 1315 2576 1

219 2666 224 2687 .
251 2639 330 2699 esse,
346 2619 401 2684 sed
414 2643 493 2686 oum
506 2623 713 2710 exceptione,
729 2625 798 2690 nisi
810 2623 1010 2708 stipulantis
1022 2622 1172 2698 intersit,
1184 2619 1212 2703 §.
1225 2617 1265 2688 ¹8,
1311 2638 1314 2703 q

219 2702 223 2719 '
250 2708 342 2773 1ηεί.
360 2710 434 2775 eod.
448 2708 555 2799 (conf.
572 2709 657 2778 infra
670 2700 849 2798 §.833,'6,
863 2713 893 2797 ὅ.
908 2709 989 2792 866,
1007 2710 1091 2793 ru).
1108 2707 1210 2796 Atqui
1223 2706 1267 2769 liic

250 2798 303 2864 vel
326 2801 473 2865 maxiute
497 2801 627 2866 interest
653 2813 887 2881 oontutorum,
912 2823 983 2865 rem
1009 2799 1138 2888 pupillo
1156 2797 1266 2862 salvam
1315 2867 1316 2870 Ἴ

183 2953 187 2962 ,
250 2884 330 2953 fore.
344 2889 417 2954 Nisi
430 2889 520 2955 enim
534 2891 622 2966 salva
636 2891 694 2971 sit,
714 2891 773 2981 ipsi
790 2890 974 2980 perieulum
990 2887 1089 2954 simul
1104 2887 1267 2962 sustinent,
1310 2901 1315 2964 t

249 2989 283 3042 et
296 2978 423 3045 actione
436 2980 546 3046 tutelae
561 2991 713 3046 tenentur
730 2981 772 3045 ad
787 2981 946 3044 damnum
966 3000 1064 3042 omne
1086 2977 1209 3068 pupillo
1223 2995 1268 3038 re·
1313 2975 1314 3002 ³

191 3115 193 3121 ι
249 3069 457 3136 sarciendam
474 3072 520 3160 (s.
539 3069 640 3159 aas).
718 3104 720 3112 s
1310 3089 1315 3240 Ι

579 3234 610 3319 ς.
633 3229 949 3298 conxxxnr.

296 3373 367 3463 Sed
375 3395 552 3483 quaeritur,
569 3394 735 3482 quomodo
749 3394 900 3462 satisdeut
913 3394 1059 3460 tutores?
1073 3395 1173 3482 Resp.
1187 3387 1269 3458 eatis-
1312 3283 1315 3424 i

251 3483 328 3554 dare
336 3497 381 3550 est
390 3505 504 3550 cavere
512 3484 593 3548 datis
603 3485 850 3572 fidejussoribus.
863 3485 951 3571 Ergo
960 3484 1157 3568 fidejussores
1170 3475 1269 3548 dandi.
1314 3475 1315 3551 l

237 3573 356 3642 ‚Porro
370 3573 529 3658 fidejussio
547 3587 592 3638 est
606 3575 725 3663 species
738 3573 971 3664 stipulationis3
986 3573 1079 3659 quia,
1094 3574 1120 3638 si
1134 3593 1191 3660 per
1204 3587 1269 3656 pac·
1312 3593 1314 3602 ²

251 3677 323 3730 tum
340 3663 469 3728 nudum
485 3665 616 3732 alterius
634 3663 824 3750 obligationi
842 3663 915 3750 quis
935 3663 1078 3742 accedit,
1100 3683 1168 3728 non
1187 3660 1269 3726 vina·

253 3766 309 3819 tur
317 3749 551 3843 fidejussisse,
567 3754 620 3818 sed
636 3754 850 3835 constituisse
863 3754 912 3840 (5.
932 3749 1038 3841 873.).
1060 3753 1176 3838 Quum
1198 3766 1270 3830 erge

250 3841 411 3934 fidejussio
427 3842 467 3908 sit
482 3843 601 3932 species
612 3843 848 3931 stipulationis,
861 3865 946 3916 uuus
958 3843 1133 3908 necessario
1142 3835 1271 3906 debebat

250 3935 477 4023 mterrogarez
497 3931 596 4000 Tune
600 3931 677 4022 fide
692 3945 755 4002 tua
759 3933 957 4024 promritus,
977 3955 1048 3998 rem
1053 3927 1191 4020 pupillo
1208 3922 1269 3992 sal·
