2644 4504
10 313 12 360 l
57 338 62 356 .

178 316 239 386 DE
252 317 481 388 EXCUSAT.
496 317 673 388 TUTOR.
690 320 752 387 ET
767 317 940 386 CURAT.
1005 315 1067 388 51¹1

10 419 11 424 ¹
92 425 224 509 Milium]
251 433 336 490 Miles
363 433 452 490 enim¹
467 434 550 511 signa
577 451 639 488 non
663 431 785 508 impune
811 432 978 508 negligeret.
998 433 1073 490 Vide

10 757 13 798 l

60 508 122 566 cod.
133 514 212 590 Nap.
223 527 279 572 art.
290 513 357 573 428.

10 633 11 652 t
90 594 138 648 Lis
147 613 211 651 cum
219 593 363 674 pupilla]
379 598 423 652 lta
439 595 511 654 cod.
525 598 606 671 Nep.
617 609 671 652 nrt.
683 592 742 652 tta
755 593 801 652 4⁰.

90 675 209 732 Maritus
226 678 247 732 ὰ
264 679 335 732 eurr]
354 677 482 755 uxone]
504 680 539 734 Iu
559 678 675 744 Gallit,
698 699 804 734 uxores
818 677 849 734 in
863 677 961 735 officio
974 677 1074 734 mariti

56 773 109 810 esse
121 755 246 826 debent,
269 773 322 817 art.
336 759 398 826 213.
417 760 517 815 Mariti
529 771 628 816 autem
640 761 785 816 uxoribus
798 759 859 818 suis
874 761 981 818 dehent
996 779 1075 834 pro-

56 831 218 909 tectionem,
239 843 309 924 ibid.
325 843 403 922 Ergo
417 851 445 898 et
461 833 606 910 tutelam,
626 855 682 922 art,
702 839 765 900 506.

418 995 450 1079 §a
479 993 701 1061 ccxcvi.

10 1147 11 1152 ’
93 1141 215 1210 Caussae
229 1167 359 1228 omnes,
376 1169 455 1233 quas
468 1147 624 1212 hacteuus
638 1146 876 1228 recensuimus,
898 1160 974 1214 sunt
988 1161 1077 1214 tute·

55 1231 89 1295 lae
101 1235 293 1300 etcuratelae
312 1257 524 1300 communes:
538 1237 578 1300 ab
592 1247 727 1323 utraque
742 1237 830 1300 enim
843 1239 991 1303 excusari
1006 1240 1079 1325 quis

56 1332 150 1408 potest
161 1323 204 1387 ob
216 1325 292 1389 istas
302 1345 437 1389 caussas.
450 1325 507 1389 Ad
516 1327 694 1390 curatelam
710 1337 819 1390 autem
836 1327 871 1390 in
881 1313 986 1415 specie
999 1350 1078 1417 per-

56 1409 142 1493 tinet,
156 1413 183 1478 si
195 1413 268 1500 quis
279 1423 371 1478 anteo
384 1413 502 1502 pupilli
514 1415 566 1500 cuj
573 1414 684 1478 usdam
700 1425 790 1477 tutor
802 1413 863 1478 luit
876 1441 883 1476 ε
896 1429 975 1478 tunc
988 1415 1078 1482 enim

10 1529 14 1546 ν
55 1521 114 1564 nou
123 1510 249 1568 tenetur
260 1514 293 1568 et
303 1515 435 1567 curator
445 1501 515 1568 fieri
526 1523 626 1590 usque
639 1503 679 1566 ad
694 1525 796 1567 aniius
807 1501 1077 1590 muj‘oreunitatis.

55 1588 172 1655 Sufficit
186 1591 278 1659 enim
292 1593 399 1657 amico
417 1591 451 1657 in
472 1592 582 1681 paucis
602 1591 802 1678 gratificari,
825 1615 886 1656 nec
902 1593 1077 1679 quisquam

55 1677 169 1768 duplici
196 1703 299 1747 onere
317 1680 519 1768 gravandus,
541 1682 564 1745 l.
588 1701 656 1760 eo,
676 1681 713 1747 0.
740 1682 773 1746 t.
794 1691 819 1746 t.
838 1681 999 1746 Attamen
1019 1684 1077 1746 hic

55 1767 134 1834 locus
145 1780 192 1836 est
199 1771 405 1860 exceptioni,
419 1791 538 1860 nempe
549 1769 723 1851 inliberto,
737 1771 794 1856 qui
808 1782 925 1838 tutora
937 1783 1078 1862 patrono
1132 1803 1158 1820 «-

55 1857 138 1924 datus
145 1871 178 1926 et
189 1860 370 1926 curatelam
383 1859 518 1925 omnino
532 1859 691 1948 suscipere
703 1871 846 1942 tenetur,
860 1860 883 1924 l.
898 1866 935 1941 5,
949 1859 987 1924 C.
1005 1861 1036 1923 lt.
1053 1871 1077 1924 t.

55 1947 190 2014 Tantam
198 1951 289 2016 enim
301 1972 318 2014 a
331 1949 451 2014 liberto
461 1960 583 2016 veteres
593 1948 768 2036 exigebant
780 1948 933 2038 pietatem
945 1961 977 2013 et
987 1971 1082 2014 reve—

10 2089 11 2092 ,
56 2038 204 2121 rentiam,
226 2050 262 2102 ut
276 2038 408 2103 nullum
422 2060 504 2102 onus
517 2038 591 2102 satis
610 2059 710 2124 grave
725 2060 802 2102 eum
817 2061 906 2128 posse
919 2038 1080 2126 suscipere

10 2173 11 2178 η
55 2126 271 2192 existimarent
282 2149 344 2216 pro
358 2127 521 2209 libertate,
534 2150 635 2216 quam
647 2127 782 2192 debebat
794 2139 947 2218 patrono,
957 2127 1080 2218 quippe

56 2238 120 2300 quae
132 2227 179 2282 est
191 2239 245 2283 res
255 2216 497 2314 inaestimabilis.
536 2229 540 2234 '
597 2253 598 2256 ¹

10 2371 11 2376 ’
90 2359 165 2417 Puto
182 2371 212 2418 et
232 2359 313 2434 apud
330 2378 405 2430 nos,
426 2359 548 2416 tutelam
565 2369 633 2416 ante
653 2369 765 2436 gestam
782 2358 913 2433 praebere
933 2359 1082 2433 exceptio-

56 2457 115 2496 nem
127 2441 243 2510 tutori,
263 2441 313 2498 cui
329 2439 430 2516 postea
449 2453 478 2497 et
497 2460 570 2497 cura
583 2440 758 2498 deferretur.
775 2441 838 2498 Hoc
850 2441 927 2498 enim
944 2443 1082 2516 colligere

56 2519 130 2579 facile
148 2535 219 2593 est,
244 2523 292 2579 vel
312 2542 347 2579 ex
369 2541 405 2579 eo
425 2524 490 2580 solo
516 2521 602 2600 quod
628 2522 757 2580 rationes
776 2523 885 2581 tutoris
907 2525 924 2582 i
943 2538 1082 2581 curatore

10 2679 12 2690 Ι
57 2602 107 2660 sint
118 2602 287 2684 exigendae,
302 2617 357 2662 art.
372 2601 442 2663 tto.

251 2754 283 2840 e.
315 2749 548 2819 ccxcvii
575 2761 606 2816 u
629 2750 891 2820 ccxcviii.

95 2913 253 2984 Vidimus
266 2913 423 2982 hactenus
436 2911 653 2977 excusationis
667 2933 791 2978 caunas
801 2939 809 2977 ι
821 2920 985 3000 superest,
1001 2924 1040 2978 ut
1051 2925 1085 2979 et

56 3005 195 3071 modum
203 3002 388 3085 videamus,
400 3023 466 3089 quo
475 2999 616 3090 proponi
624 3001 743 3084 solent,
756 3002 813 3065 ubi
825 3002 1081 3068 observandum:

59 3102 99 3158 1⁰.
113 3106 292 3180 antequam
305 3102 538 3180 opponantur,
562 3101 685 3153 tutores
700 3089 791 3154 datos
806 3113 886 3171 esse,
901 3091 1046 3177 adeoque
1063 3115 1083 3156 a

57 3181 104 3254 die
125 3183 311 3269 illoneque
330 3181 373 3245 ad
400 3191 529 3268 tempus
554 3178 737 3259 seutentiae,
760 3180 820 3243 nisi
847 3178 1083 3262 absolvantur,

57 3294 152 3338 omne
166 3270 350 3362 periculum
363 3269 405 3334 ad
415 3269 487 3334 illos
495 3279 653 3357 spectare,
666 3268 690 3332 l.
702 3271 741 3332 31
751 3317 762 3348 ,
772 3292 829 3355 pr.
835 3267 883 3357 ff
889 3318 901 3348 ,
913 3269 946 3332 lt.
960 3279 983 3332 t.
991 3271 1040 3360 sl.
1052 3293 1065 3333 r
1072 3319 1084 3350 ,

60 3359 94 3424 C.
120 3363 152 3427 si
172 3371 236 3425 tut.
254 3361 309 3424 vel
320 3381 392 3439 eur.
401 3356 490 3445 fals.
510 3357 571 3421 att.
592 3357 710 3443 Quum
726 3359 814 3424 enim
830 3357 1003 3447 praevideri
1016 3381 1086 3424 non

11 3533 12 3538 ἵ
58 3449 170 3536 possit,
188 3448 424 3528 excusationes,
441 3469 520 3534 quas
534 3445 709 3532 allegavit,
730 3447 855 3514 idoneae
876 3445 997 3516 futurae
1020 3449 1086 3514 siut

58 3557 169 3604 necne
184 3563 192 3601 ε
209 3538 332 3602 interea
348 3535 466 3600 merito
484 3557 545 3624 pro
558 3546 668 3600 tutore
683 3535 844 3619 habetur,
867 3537 971 3603 donec
983 3560 1088 3627 appa-

59 3639 144 3708 reat,
159 3637 273 3692 irtrum
298 3627 367 3714 ejus
390 3637 508 3690 caussae
532 3646 593 3712 per
614 3627 807 3691 sententiam
828 3627 1026 3716 probentur,
1042 3649 1087 3692 an

60 3715 254 3802 rejiciantur.
273 3714 307 3780 Si
323 3716 399 3780 veru
411 3713 473 3802 pro
489 3722 597 3778 tutore
610 3713 749 3780 habetur
757 3764 767 3796 ,
779 3738 855 3782 sarie
869 3729 902 3781 et
915 3739 1013 3782 omne
1027 3739 1087 3803 pe·-

61 3803 250 3886 riculumad
260 3799 336 3888 eum
351 3805 498 3890 pertinet
511 3799 609 3866 Unde
620 3801 695 3868 dedi
703 3804 736 3870 id
747 3804 937 3886 currulium,
952 3817 988 3868 ut
999 3815 1089 3870 tutor

63 3889 153 3970 datus
173 3896 240 3986 ipse
255 3893 365 3960 statim
380 3889 693 3958 administrationem
707 3894 857 3984 suscipiat
866 3915 944 4048 ‚Vna
958 3894 1088 3962 alterius
