2646 4496
634 221 663 276 't

125 353 201 442 QUI
217 339 908 422 TESTAM.TUT.DAR1POSSUNT.
955 346 1019 416 255

39 464 118 528 tatoris
127 487 178 552 per
192 474 429 539 testamentum,
444 483 523 549 ergo
535 471 567 526 et
579 459 639 526 sub
650 457 836 526 conditione
847 470 881 524 et
890 459 924 523 in
936 456 1023 523 diem

38 553 198 642 fieripotest,
212 554 234 618 l.
248 558 287 642 ῥ’,
300 554 364 639 §.2
374 603 386 631 ‚
389 549 437 642 ff
451 551 524 618 tut.

62 697 241 763 tetrametro,
261 705 344 752 tutor
357 695 374 750 is
387 691 543 768 superstite
562 703 645 768 patre
658 692 704 748 vei
721 703 814 748 matre
825 691 890 748 dari
904 701 1020 765 potest,

37 795 74 831 sou
87 777 164 832 modis
179 777 285 832 ultimae
304 776 466 833 voluntatis
483 787 572 842 actu,
590 773 640 832 sed
656 773 744 834 etiam
763 773 958 830 declaratione
975 773 1023 829 vel

37 876 105 912 eoram
124 857 215 929 judice
237 858 317 935 pacis
338 869 367 914 et
390 855 454 930 ejus
476 855 645 934 greffiario,
667 857 714 914 vel
736 853 839 914 aorem
865 854 1027 916 tabellione·
1181 851 1197 866 ‘'

36 937 114 997 tabia.
126 940 192 996 dod.
205 942 287 1018 Nap.
301 951 357 998 art.
368 937 432 1016 392.

391 1093 630 1198 §.¹00XIV·
686 1136 691 1142 ·

63 1253 260 1318 stabilivimus
270 1251 427 1316 hactenus
440 1251 657 1341 principium,
671 1251 759 1340 quod
771 1251 872 1320 tutela
883 1253 923 1318 sit
935 1251 1026 1318 simi-

16 1335 20 1456 j
38 1341 59 1404 tis
71 1343 232 1408 hereditati.
249 1341 337 1406 Hinc
352 1343 450 1406 etiam
464 1363 550 1407 nova
564 1342 709 1428 sequitur
723 1343 835 1427 regula
851 1341 952 1430 probe
963 1343 1025 1407 ob-

16 1431 179 1528 qervauda:
204 1431 381 1514 Quamdiu
408 1442 570 1517 speratur
597 1431 705 1496 tutela
735 1433 1023 1512 testamentoria,
1053 1403 1073 1486 Ι

16 1533 18 1556 ³
38 1521 136 1586 tamdiu
147 1521 236 1586 loeus
253 1543 322 1584 non
335 1531 385 1584 est
397 1520 576 1608 legitimae,
592 1519 614 1583 l.
632 1541 680 1598 η,
693 1543 746 1604 pr.
757 1521 787 1604 §2
802 1542 826 1596 r,
838 1521 928 1584 last.
945 1521 978 1583 la.
997 1531 1020 1584 t.

38 1606 104 1673 Ratio
119 1610 151 1673 in
169 1621 305 1698 promtu
321 1603 388 1674 esu*
401 1609 692 1694 Quemadmodum
711 1611 799 1675 enim
820 1631 888 1673 non
907 1609 1029 1673 admit·

16 1693 18 1702 ’
39 1695 90 1761 titur
99 1698 181 1763 heres
194 1697 375 1786 legitimus,
390 1699 441 1762 vel
455 1697 495 1762 ab
507 1699 673 1777 intestato,
689 1699 820 1784 quaudo
837 1709 1029 1762 testamento

40 1783 161 1851 institutus
178 1789 284 1852 adest:
297 1787 357 1868 ita,
380 1785 405 1850 si
419 1787 517 1850 semel
536 1787 624 1852 ade'st
643 1797 733 1851 tutor
751 1785 1031 1866 testamentarius,

16 1869 18 1940 i
39 1874 169 1941 utadhuc
183 1887 333 1966 speratur
349 1876 447 1940 tutela
464 1875 700 1940 testamentaria
709 1926 721 1962 ἃ
743 1875 866 1940 tamdiu
883 1875 1028 1962 legitima

39 1965 217 2030 tusts‘ffsffa
281 1989 289 2028 t
305 1955 634 2044 utur'J'Neixio'tfitm',
649 1955 686 2028 ut
698 1987 781 2054 saepe
795 1963 1031 2030 inculcabimus

16 2103 18 2130 ι
39 2049 108 2133 uita,
119 2067 218 2142 potest
260 2076 299 2119 ro
314 2065 405 2142 parte
416 2064 565 2134 testatus,
579 2077 641 2143 pro
652 2049 744 2144 pa'rte
757 2051 1031 2121 intestatus‘deoe·

38 2137 102 2217 dere,
121 2145 141 2208 ἱ.
162 2167 203 2228 7,
256 2143 380 2210 mett.
405 2143 440 2207 J.
460 2143 637 2230 Fingamus
657 2145 867 2233 exemplumz
882 2145 1032 2210 Testatur

15 2237 17 2286 ἔ
38 2227 72 2292 dat
87 2232 209 2298 Titium
222 2243 368 2298 tutorem
383 2231 508 2311 liberis;
521 2239 653 2297 mortuo
667 2243 817 2299 testatore
831 2233 937 2299 Titius
950 2232 1033 2298 inci-

15 2347 16 2376 2
37 2317 188 2404 pitsurere,
201 2321 375 2411 quaeritur:
388 2320 446 2385 Au
460 2323 632 2422 proximus
646 2333 782 2409 agnatus
798 2333 969 2410 tamquam
985 2325 1034 2388 lea

38 2407 138 2488 gitimus
156 2423 249 2476 tutor
269 2411 366 2499 possit
383 2410 536 2475 admitti?
564 2411 734 2498 Negatur‚
756 2412 854 2498 quia,
879 2413 1037 2500 quamdiu

15 2539 16 2542 ,
36 2508 150 2580 speratur
162 2501 263 2565 tutela
280 2498 532 2580 testamentaria,
545 2501 671 2566 tamdiu
680 2500 824 2588 legitima
835 2525 904 2568 uon
916 2505 1037 2569 admit·

15 2595 17 2632 ³
37 2585 412 2667 titu1·;hioeutemadhuc
427 2600 591 2678 speratur,
607 2591 680 2676 quia
699 2587 836 2656 furiosus
855 2591 1038 2680 resipiscam

15 2687 17 2694 ’
37 2685 122 2759 potest.
132 2680 221 2766 Ergo
235 2691 357 2768 praetor
369 2680 493 2776 interea
504 2677 592 2772 dabit
607 2690 760 2774 tutorem
775 2681 817 2766 (ς.
834 2681 923 2769 206.)

15 2801 17 2820 ’
64 2818 230 2891 Conferant.
246 2824 295 2880 ult.
310 2821 353 2902 ad
362 2842 392 2880 u.
405 2815 473 2896 aad.

204 2935 207 2946 '
420 2971 452 3056 s.
476 2969 633 3037 coxv.
735 2985 736 2990 Ν

66 3119 170 3188 Altera
180 3122 281 3208 hujus
294 3119 398 3188 'ttuti
413 3131 504 3208 parte
518 3118 626 3206 agitur
641 3119 680 3184 de
693 3117 939 3188 confirmatione
953 3135 1040 3190 tuto·

37 3228 92 3274 rum
112 3235 129 3276 a
150 3211 344 3298 magistratu
366 3209 446 3276 fieri
458 3206 562 3272 solita.
586 3209 650 3274 Sed
667 3206 866 3291 cavendum,
891 3234 933 3277 ne
953 3215 1039 3282 hano

36 3297 250 3366 confundamus
276 3322 353 3364 oum
381 3296 628 3364 confirmatione
655 3299 822 3368 hodierna·
850 3299 1071 3374 Differentia·

36 3381 87 3450 hee
104 3401 169 3454 est:
190 3399 233 3455 1⁶.
250 3389 357 3456 Hodie
371 3409 483 3452 omnes
499 3397 621 3452 tutores
634 3387 904 3455 confirmantura
919 3397 1042 3481 magis-
1060 3387 1080 3460 d

36 3481 120 3541 tratus
131 3477 212 3544 olim
231 3489 359 3544 tantum
377 3476 624 3556 testamentarii,
639 3489 672 3542 et
687 3478 818 3564 quidem
833 3501 900 3545 non
914 3505 1042 3568 omnes,
1075 3553 1076 3557 ,

37 3565 75 3627 ted
91 3568 204 3656 aliqui..
217 3575 250 3632 2⁰
268 3565 375 3632 Hodie
390 3565 628 3631 ootrfirmautur
643 3567 759 3646 etiam,
770 3569 827 3653 qui
843 3571 903 3634 rite
916 3585 947 3638 et
958 3575 1043 3661 juste

36 3659 137 3724 tutores
161 3657 228 3724 dati
243 3683 252 3722 ε
268 3655 349 3722 olim
372 3666 500 3722 tautum
523 3653 587 3733 itti,
609 3655 666 3740 qui
693 3655 801 3724 vitiose
826 3658 893 3724 dati
914 3653 1044 3731 fuerant
1071 3679 1083 3720 t

36 3748 218 3812 testamento.
231 3747 284 3810 Ex
295 3767 361 3832 quo
371 3742 445 3810 fluit
456 3743 618 3812 definitio:
633 3738 1042 3833 Cauflrimctioestoctue5
1063 3767 1064 3772 ’

36 3849 91 3914 quo
111 3838 336 3924 magistratus
358 3844 503 3898 tutorem
525 3834 823 3900 testamentarium
843 3836 961 3904 vitiose
980 3842 1045 3908 due

38 3927 100 3986 tutu
109 3919 298 4012 confirmat.
312 3924 406 4015 Opus
419 3943 498 4009 ergo
508 3931 555 3986 est
565 3919 811 4002 confirmatione
823 3925 1045 4016 magistratus,
