2710 4504
196 335 198 345 ,
258 273 302 345 80
601 277 957 348 PROlllMIUM.

175 422 222 453 s«
252 385 468 452 observandus
482 407 549 453 esse
569 387 661 453 binas
681 390 828 476 regulas:
846 388 899 478 (a)
915 387 1289 456 Imtitutioneccednnt
1333 437 1343 446 ,

253 475 442 544 Pandae-tis
454 487 636 566 tamquam
656 477 924 544 auctoritatibus
946 480 1038 560 anic,
1059 491 1230 567 quatenus
1249 503 1290 545 ec

175 576 178 581 ’
255 565 311 632 laic
329 566 506 652 descriptae
527 578 620 632 cunt.
641 565 832 634 'Auctoritas
851 567 971 632 dicitur
988 569 1209 658 archetypus,
1225 570 1291 634 dua

255 653 438 744 original.-
465 653 541 720 huic
567 677 644 721 vero
670 677 798 745 semper
820 657 894 745 plus
915 655 991 724 fidei
1013 657 1170 739 habetur,
1190 679 1291 746 qnam

253 755 392 832 ectypo,
414 743 476 810 der
487 767 600 832 copey.
619 744 763 832 Quando
778 745 887 834 itaque
902 747 1073 812 Pandectae
1086 757 1162 812 suut
1175 747 1292 812 arche·

255 843 374 922 typus,
393 853 437 897 ex
455 856 522 921 quo
541 833 763 904 institutiones
782 833 951 922 descripte
970 847 1064 917 sunit,
1089 836 1208 902 merito
1226 835 1292 902 illac

254 919 475 1013 praeleruutur
492 917 762 1000 Institutionibus.
782 923 869 990 Rem
881 923 1113 991 illustrabimus
1123 925 1289 1014 exemplo.

258 1013 301 1078 ln
312 1009 344 1097 §-
361 1011 401 1078 25
412 1061 422 1093 ,
435 1011 526 1077 lust.
540 1011 582 1078 de
591 1010 637 1078 R.
650 1012 697 1078 D.
711 1009 924 1102 Specz'ficatio
937 1035 1001 1080 esse
1012 1015 1151 1096 dicitur,
1165 1015 1198 1082 si
1214 1015 1293 1102 quia

95 1175 97 1182 y
256 1125 299 1166 ex
313 1097 438 1170 alienia
450 1101 554 1190 epicis
559 1098 784 1189 frumentum
796 1095 930 1189 fecerit.
955 1102 1036 1168 Haec
1055 1103 1091 1168 in
1109 1104 1132 1169 l.
1147 1124 1188 1191 7,
1203 1105 1235 1188 5.
1253 1125 1292 1190 7,

197 1245 223 1260 ,,
247 1189 296 1282 ff.
322 1190 365 1255 de
386 1191 519 1280 acquir.
541 1214 608 1256 rer.
633 1189 726 1255 dom.
749 1201 888 1278 negatur
910 1191 1106 1280 specificatio
1128 1215 1205 1258 esse.
1228 1192 1294 1258 Cui

258 1279 343 1348 libro
360 1302 439 1368 ergo
458 1279 532 1373 plus
542 1277 619 1348 fidei
637 1279 851 1345 habendum?
874 1279 1062 1362 Pandeetim
1082 1281 1160 1369 quia
1181 1282 1294 1346 mani·

257 1365 334 1435 feste
346 1379 482 1458 apparet
488 1418 498 1450 ,
510 1367 731 1435 Institutiones
744 1392 783 1436 eo
794 1370 866 1435 loco
880 1390 924 1434 ex
934 1371 1104 1436 Pandectis
1116 1391 1294 1460 perperam

257 1479 322 1524 esse
340 1459 525 1546 descriptas.
551 1444 608 1548 (b)
631 1455 818 1525 Pandectoe
837 1455 962 1525 cedunt
981 1459 1272 1526 Institutionibus
1280 1509 1293 1542 ,

186 1581 222 1614 κ.
259 1549 391 1638 quoties
415 1547 469 1614 tis
485 1547 703 1616 novationem
715 1543 805 1636 fieri
821 1559 976 1636 apparat.
1002 1546 1076 1614 [ex
1098 1549 1188 1614 enim
1215 1572 1295 1638 pos-

186 1625 191 1643 ’
219 1715 222 1726 .
257 1637 359 1702 terior
383 1635 519 1724 derogat
547 1635 661 1726 priori.
697 1637 813 1725 ltaque
837 1636 863 1702 si
891 1647 1020 1702 certum
1043 1638 1105 1720 sit,
1135 1637 1296 1704 iustinia-

259 1748 341 1792 num
357 1725 391 1790 in
406 1724 665 1792 Institutionibus
682 1725 835 1814 quedam
848 1726 885 1790 in
900 1727 1069 1794 Pendectis
1081 1727 1198 1794 tradita
1212 1749 1295 1794 mu·

258 1826 328 1882 tare
347 1828 445 1903 atque
469 1815 626 1882 innovare
650 1815 806 1882 voluisse:
828 1812 1030 1904 preferenda
1052 1815 1296 1905 proculdubio

262 1907 324 1972 erit
363 1905 496 1972 osterior
512 1905 568 1970 illa
582 1904 787 1994 imperatoris
803 1905 962 1970 voluntas.
977 1905 1015 1970 E.
1032 1927 1065 1992 g.
1080 1903 1116 1972 in
1134 1905 1158 1970 I.
1174 1929 1200 1992 9
1219 1919 1256 1972 et
1269 1908 1292 1986 l.

219 2017 233 2075 u
261 2018 306 2076 rr,
349 2040 357 2057 .
375 1995 588 2060 detrorum.
610 1994 782 2076 vindicta,
796 1994 951 2090 legimus,
967 1995 1131 2076 minorem
1145 1998 1297 2062 cornuis

216 2078 231 2196 ll
259 2084 493 2150 manumittere
516 2105 585 2148 non
608 2105 719 2172 posse,
743 2083 804 2148 nisi
828 2084 972 2150 vindicta
998 2083 1089 2172 apud
1109 2083 1297 2152 Consilium

91 2243 92 2248 γ
214 2182 221 2212 ¹
260 2195 370 2238 caussa
386 2169 535 2262 probata.
552 2172 602 2238 At
614 2173 649 2236 iu
665 2173 696 2258 §.
710 2194 732 2273 7
740 2221 750 2254 ‚
765 2171 855 2238 Inst.
871 2171 997 2262 quibus
1021 2197 1062 2240 ec
1084 2175 1200 2240 caucis
1215 2199 1296 2242 mc-

262 2285 359 2328 num.
374 2286 443 2328 non
455 2261 549 2340 licet,
570 2261 774 2352 permittitur
789 2260 1043 2328 adolescentibus
1057 2285 1095 2350 17
1108 2283 1296 2347 annorum,

259 2363 297 2416 ut
317 2352 416 2416 libere
439 2351 559 2440 possint
580 2351 821 2416 manumittere.
844 2351 948 2436 Quod
959 2352 1012 2438 jus
1035 2352 1220 2440 pluralet?
1239 2354 1296 2436 Id,

259 2441 349 2528 quod
364 2441 400 2506 in
416 2440 520 2505 Instit.
535 2440 732 2506 inculcatur.
755 2437 964 2506 Manifestum
987 2442 1077 2508 enim
1098 2452 1164 2522 est,
1183 2441 1298 2533 impe-

253 2531 407 2597 'rctorem
422 2529 476 2618 jus
497 2541 587 2594 vetus
604 2530 639 2594 in
659 2527 829 2595 Pondectie
843 2529 1029 2620 expositum
1050 2529 1179 2598 abolere
1196 2543 1299 2622 atque

261 2619 419 2685 innovare
434 2618 581 2686 voluisse.

302 2732 362 2788 Sed
371 2751 431 2789 non
432 2730 519 2807 ferre
529 2727 638 2810 legen]
656 2727 777 2788 Confer.
791 2730 864 2788 Cod-
879 2732 962 2812 uap.
974 2745 1030 2790 art.
1040 2731 1070 2792 5.

694 2841 725 2925 §.
748 2837 864 2907 XVI.

305 2961 475 3028 Hactenus
489 2959 529 3027 de
542 2959 651 3050 primo
663 2959 839 3037 axiomate.
857 2959 1022 3026 Alterum
1042 2971 1113 3043 est,
1130 2960 1300 3054 privptuc

262 3073 334 3116 non
348 3053 464 3118 condit
477 3051 577 3140 leges.
594 3051 674 3116 lude
687 3047 781 3115 facile
801 3061 909 3139 patet,
930 3073 994 3138 qua
1008 3051 1203 3117 auctoritate
1216 3053 1300 3142 pol-

259 3140 350 3208 leant
367 3140 601 3221 Authenticae,
626 3162 705 3228 quas
719 3163 817 3228 supra
836 3141 869 3226 §.
889 3139 950 3220 15,
966 3162 984 3204 a
1006 3139 1159 3230 privato,
1174 3165 1302 3232 nempe

260 3231 302 3294 ab
334 3231 460 3296 Irnerio
481 3279 491 3310 ‚
516 3229 707 3319 compilatas
729 3252 793 3294 esse
815 3228 970 3294 diximus.
997 3231 1145 3296 Omnem
1171 3231 1301 3298 scilicet

259 3321 489 3386 auctoritatem
514 3341 582 3384 non
605 3317 842 3399 melchechem,
865 3318 940 3406 quia
963 3315 1005 3382 ab
1027 3317 1155 3385 lrnerio
1175 3317 1303 3402 fectae;

258 3410 337 3498 quia
355 3417 502 3498 privatus
526 3429 595 3473 non
616 3407 728 3472 condit
744 3407 850 3494 leges:
863 3407 918 3472 scd
940 3408 1016 3496 quia
1032 3418 1196 3498 excerptae
1215 3423 1302 3476 sunt

258 3521 303 3563 ex
324 3497 471 3565 Novellis
492 3497 625 3584 aliisque
643 3497 853 3584 quorundam
871 3496 1060 3587 principum
1081 3499 1302 3565 constitutio-

259 3587 378 3668 nibus,
395 3609 475 3676 quas
486 3587 678 3652 auctoritate
689 3585 785 3673 legali
801 3585 924 3675 pollere
937 3609 1035 3652 nemo
1046 3585 1183 3652 dubitat.
1202 3589 1301 3654 llinc

252 3697 373 3742 omnes
386 3677 472 3744 hanc
487 3687 667 3766 sequuntur
684 3675 832 3766 regulam
850 3702 859 3739 ε
874 3675 1096 3744 Authenticce
1116 3700 1186 3741 non
1206 3679 1300 3762 pol-

259 3768 331 3832 lent
346 3768 548 3832 auctoritate
568 3767 709 3854 legum,
726 3765 796 3830 uisi
813 3777 983 3854 quatenns
1001 3791 1080 3832 cum
1103 3766 1299 3848 Novelt’c'a,

258 3881 300 3923 ex
315 3855 441 3947 quibus
455 3855 621 3948 decerptae
634 3865 736 3937 sunt,
758 3856 974 3926 ccrsvcniunt.
1214 3942 1271 4008 H·

255 3981 260 3997 ·
1259 3966 1293 4010 tc
1338 3967 1339 3972 ¹
