2710 4504
173 314 217 383 aa
331 297 334 302 “
469 314 651 394 bruun
676 297 851 399 1,r1r.
874 311 907 380 1.

173 423 278 489 alteri
305 413 501 578 nefartis.
524 425 615 490 Hinc
640 441 738 490 nemo
764 421 985 502 occidendus,
1009 419 1128 504 injuria
1151 417 1205 488 'vei

174 513 298 578 damno
320 535 338 576 a
377 512 530 591 ciendos,
554 535 597 579 aes
621 515 765 580 alienum
783 511 1001 590 solvendum,
1017 521 1112 598 pacta
1134 529 1206 572 ser-

173 601 293 668 vanda.
317 601 400 666 Haeo
423 603 449 666 si
468 604 539 696 quis
559 625 626 668 non
643 601 744 688 facit,
760 625 779 668 a
794 603 987 688 magistratu
1000 599 1053 666 rel
1067 599 1141 684 cogi
1151 597 1207 664 rel

119 705 121 714 ’
172 713 273 782 poena
289 691 432 758 coerceri
449 703 573 780 potest,
589 691 733 780 adeoque
747 693 817 758 haec
833 689 940 758 officia
959 699 1034 754 sunt
1040 685 1207 776 perfecta.

174 779 255 846 Alia
278 778 385 848 officia
403 781 458 848 lex
480 781 691 848 commendat
711 782 844 869 quidem
858 791 1029 865 tamquam
1044 777 1208 855 bonerto,

174 869 231 934 s'ed
245 867 412 936 neminem
426 881 537 940 tamen
551 871 638 956 cogit
651 893 687 935 ea
705 882 856 960 praestare
866 920 874 950 ,
886 867 942 935 sed
956 865 1210 952 uniuscujusque

175 957 294 1046 pudori
312 957 484 1046 relinquit3
498 971 531 1024 e't
543 961 619 1026 talia
632 972 727 1038 sunt,
742 983 815 1047 quae
829 981 871 1026 ex
885 957 951 1023 sola
966 956 1132 1021 honestate
1154 952 1209 1020 vel

176 1068 221 1111 ex
235 1048 354 1114 decoro
368 1047 488 1112 fluunt.
508 1047 561 1113 Sic
582 1069 611 1113 e.
633 1070 665 1135 g.
680 1049 735 1115 lex
750 1049 844 1138 jubet
859 1045 1054 1137 pauperibus
1066 1043 1210 1109 eleemo-

177 1151 277 1223 aynas
290 1137 443 1222 elargiri,
458 1149 490 1202 et
502 1139 620 1225 cuique
635 1137 739 1204 officia
754 1135 965 1204 humanitatis
981 1144 1155 1225 praestare,
1171 1141 1211 1198 ut

179 1225 304 1290 erranti
322 1225 412 1292 viam
428 1239 706 1308 commonstrem,
728 1241 760 1292 et
772 1226 877 1318 patiar
891 1226 1005 1292 lumen
1026 1223 1067 1292 de
1084 1220 1213 1288 lumine

179 1318 256 1381 meo
271 1315 424 1398 accendi,
442 1327 505 1382 etc.
533 1315 583 1382 At
601 1315 713 1405 siquis
733 1317 766 1382 id
785 1317 853 1382 non
874 1313 972 1381 faciat
984 1313 1212 1394 ,inhumanus

180 1403 315 1492 quidem
330 1417 398 1483 est,
417 1405 471 1471 sed
487 1429 556 1472 nou
575 1420 680 1496 potest
694 1418 803 1472 tamen
816 1406 889 1472 ideo
899 1406 934 1474 iu
947 1407 999 1485 ius
1011 1402 1142 1481 vocari,
1157 1399 1212 1466 vel

180 1515 201 1558 a
212 1493 405 1580 magistratu
427 1495 500 1582 cogi
519 1498 625 1585 poeuis
640 1497 692 1562 rel
703 1496 854 1562 coerceri.
871 1491 975 1581 Magis
987 1493 1077 1558 euim
1091 1491 1214 1556 voiun-

182 1584 258 1648 tatis
272 1595 305 1649 et
318 1583 417 1650 officii
435 1585 505 1652 haec
519 1597 618 1666 aunt,
644 1607 747 1674 quam
758 1585 971 1664 necessitatis,
986 1583 1008 1647 l.
1025 1603 1080 1665 17,
1103 1582 1134 1666 ς.
1157 1584 1181 1644 5
1197 1627 1212 1658 ,

176 1670 226 1763 ff.
235 1673 454 1740 commodati.
468 1677 511 1740 Et
525 1675 595 1740 haec
609 1665 765 1742 dicuntdr
780 1673 891 1762 officia
904 1671 1111 1760 imperfecta.
1136 1669 1214 1734 Jam

181 1783 261 1846 ergo
280 1761 373 1827 facite
396 1763 706 1848 animadvertimus,
731 1763 898 1854 quomodo
920 1761 1069 1830 differant
1089 1757 1214 1849 justitia

184 1853 353 1941 explenix
366 1864 398 1918 et
416 1854 618 1920 attributrix.
985 1873 989 1882 '

608 2015 639 2100 s.
662 2013 784 2086 xxi.

230 2158 407 2248 Expietrix
420 2158 510 2226 enim
522 2170 584 2240 est,
601 2177 674 2246 quaa
685 2159 803 2248 cuique
813 2158 944 2240 tribuit,
958 2156 1124 2248 quod'jure
1140 2176 1215 2256 per:

185 2245 272 2312 fecto
291 2249 436 2313 debetur.
460 2247 548 2314 Hinc
568 2247 625 2336 qui
643 2269 661 2312 a
678 2247 771 2314 furtis
785 2259 817 2314 et
834 2249 956 2338 rapinis
977 2247 1135 2326 abstinet,
1158 2265 1216 2332 qur

187 2359 230 2400 aes
246 2337 391 2401 alienum
403 2337 540 2402 debitori
552 2337 664 2416 solvit,
678 2337 733 2426 qui
750 2348 843 2427 pacta
856 2351 889 2404 et
899 2349 1085 2404 contractus
1094 2343 1216 2412 servat,

185 2426 216 2491 ei
234 2425 352 2504 iustitia
374 2427 537 2515 expletrix
562 2427 735 2506 tribuitur,
756 2427 830 2516 quia
847 2427 916 2493 haec
933 2427 1042 2494 omnia
1052 2428 1127 2512 jure
1143 2433 1214 2488 tam

185 2511 329 2604 perfecto
342 2515 520 2595 debentur,
534 2527 572 2580 ut
589 2517 730 2582 coerceri
751 2518 872 2604 possint
889 2528 920 2584 et
940 2540 958 2582 a
977 2515 1168 2606 magistratu
1178 2511 1215 2578 iu

184 2603 335 2670 ordinem
350 2605 422 2691 cogi
435 2655 444 2684 ,
456 2608 513 2692 qui
529 2605 621 2672 alteri
638 2605 711 2672 heac
726 2605 832 2672 officia
844 2605 1015 2693 denegant.

231 2707 438 2774 Attributrix
453 2722 565 2774 contra
582 2721 649 2790 est,
669 2733 743 2798 quae
761 2709 879 2799 cuique
897 2709 1032 2790 tribuit,
1050 2707 1139 2796 quod
1159 2725 1215 2770 ro·

185 2798 320 2864 luntatis
334 2799 438 2884 magis
453 2810 500 2864 est
514 2811 546 2866 et
562 2798 684 2880 officii,
701 2820 802 2888 quam
822 2797 1032 2876 necessitatis,
1048 2799 1070 2863 i.
1091 2817 1120 2862 e.
1140 2814 1214 2880 quaa

186 2885 323 2968 trib-uit,
347 2884 434 2974 quod
450 2889 543 2954 alteri
562 2888 737 2970 debemus,
760 2889 812 2954 sed
832 2890 878 2956 ita
896 2899 933 2954 ut
952 2887 1024 2972 cogi
1046 2907 1115 2954 non
1139 2905 1216 2971 pos·

186 2975 298 3046 aimus.
319 2976 353 3040 Si
368 2976 440 3064 quis
457 3001 535 3066 ergo
545 2977 747 3082 pauperibus
764 2979 880 3067 stipem
894 2976 1067 3062 elargitur,
1079 2975 1105 3042 ai
1120 2971 1218 3038 mise-

187 3087 242 3134 ros
255 3066 389 3132 consilio
400 3066 514 3152 juvat,
528 3091 554 3134 sr
567 3079 712 3134 errantes
726 3067 762 3134 in
779 3067 868 3135 viam
880 3065 1005 3133 reducit
1018 3115 1028 3148 ,
1047 3065 1074 3132 is
1085 3060 1218 3154 jusitia

186 3155 383 3243 attributriri
394 3155 556 3222 satisfacit.
997 3230 999 3235 ,

234 3257 350 3342 Quaeri
372 3257 426 3322 hic
450 3257 576 3344 potest,
596 3279 657 3323 cur
681 3255 845 3348 expletrix
864 3253 987 3344 justitia
1014 3251 1219 3322 coactionem

185 3344 362 3427 admittar,
386 3346 575 3412 attribuntx
598 3347 796 3412 sonitem?
819 3345 934 3411 Multa
957 3341 1217 3424 nuntiationes,

186 3455 267 3523 quas
284 3433 404 3500 tirones
426 3435 677 3525 nuncapium,
701 3436 762 3501 nisi
784 3433 953 3523 preceptis
961 3432 1059 3517 ,Iuris
1078 3433 1218 3500 Natura

184 3523 316 3592 imbuti.
337 3521 485 3589 Sufficiat
505 3525 636 3612 itaque,
660 3547 760 3608 unam
788 3523 947 3612 attegasse.
966 3521 1090 3590 Omnia
1109 3517 1218 3589 officia

230 3610 328 3677 rfecta
347 3613 507 3678 debentur
525 3613 570 3680 nb
589 3637 660 3678 unc
676 3625 708 3679 at
723 3625 814 3678 certo
827 3633 995 3700 perrona,
1012 3613 1114 3692 adeo,
1139 3613 1220 3679 atsi

185 3634 259 3768 gemo
271 3701 325 3766 illa
337 3723 404 3766 non
416 3713 558 3790 praestet,
570 3703 612 3780 ab
620 3702 685 3768 alio
693 3703 751 3768 ista
763 3701 892 3790 exigere
903 3721 1074 3789 nequeam.
1088 3699 1127 3766 E.
1139 3721 1171 3787 g.
1181 3701 1217 3768 Si

102 3795 106 3806 ”
186 3789 692 3874 ‘ttsiusmihidetetroaasoto
703 3793 792 3858 Titio
800 3792 875 3858 istos
885 3791 1015 3877 exigere
1025 3801 1218 3878 possum‚at

92 3891 97 3898 '
184 3877 365 3950 ludibrium
378 3877 530 3952 deberem
539 3881 708 3969 omnibus,
723 3881 814 3953 sieos
828 3903 848 3950 a
861 3881 982 3952 Moevio
992 3889 1102 3971 petam
1110 3929 1122 3964 ,
1133 3877 1210 3968 quia
