2644 4504
151 308 439 379 ornanum.
455 308 802 397 pannonum.
818 307 986 376 nonin.
1015 311 1077 376 351

71 428 97 481 et
106 418 175 504 jura
188 434 295 490 nostra
311 433 344 488 et
357 420 566 486 historiarum
582 419 783 484 monimenta
797 431 829 484 et
852 419 920 508 ipsa
935 420 1078 506 aequitas.

49 559 52 566 .
74 508 181 574 Milites
192 511 278 589 enim
299 509 528 588 conducuntur
540 509 717 596 stipendio,
741 509 906 594 adeoque,
923 508 1082 594 quidquid

74 617 161 683 opera
181 621 236 663 sua
251 599 451 685 adquirunt,
474 621 543 661 non
557 597 616 662 sibi
630 597 827 684 adquirunt,
846 597 964 676 sedet,
990 597 1083 683 cujus
1171 677 1173 680 .

8 765 9 768 Ἴ
72 685 211 772 impensis
231 700 263 753 et
276 688 424 776 auspiciis
442 687 594 750 militant.
613 687 658 752 5⁰.
685 687 790 750 Multo
805 686 914 751 minus
929 707 1007 771 ergo
1023 685 1085 750 sibi

8 769 9 800 ³
73 773 224 840 vindicare
239 788 369 864 possunt
381 777 498 841 milites
507 775 591 839 bona
600 773 782 839 immobilia
791 773 874 840 bello
887 787 980 864 capta
991 797 1038 854 ‚a
1048 795 1081 860 g.

8 879 10 910 t
74 884 177 947 agros,
193 863 326 946 fundos,
348 866 487 953 praedia,
503 863 652 951 quamvis
665 885 700 927 ea
721 863 781 951 ipsi
798 864 896 951 primi
911 863 1089 930 invaserint

8 971 10 1026 5
75 963 102 1013 et
111 955 306 1041 occuparint.
323 955 440 1020 Omnis
454 953 542 1018 enim
554 974 632 1038 ager
647 951 687 1016 ab
701 952 790 1018 hoste
804 965 918 1040 captus
927 953 1088 1039 juranos-

8 1039 10 1116 ζ
71 1050 116 1103 tro
127 1032 335 1130 litpublicus',
352 1045 374 1108 l.
389 1065 432 1107 20
448 1044 478 1127 ἕ
497 1066 531 1121 ι,
546 1066 604 1128 pr.
607 1039 654 1130 ff
666 1041 808 1125 decant.
821 1053 854 1105 et
899 1043 1023 1108 ostlim.
1041 1041 1085 1105 Et
1099 1041 1134 1129 γ.
1145 1052 1212 1126 2⁸9

8 1119 10 1172 l
76 1129 153 1214 apud
169 1133 335 1196 Romanos
348 1131 431 1196 nihil
447 1130 522 1195 inde
536 1130 706 1218 capiebant
716 1129 831 1194 milites
841 1065 1008 1217 ,iiisiffis
1022 1127 1219 1196 latr-⁴¹*

8 1283 9 1288 ,
76 1221 191 1302 agraria
202 1223 343 1310 populus
353 1220 541 1284 decrevisset
553 1269 562 1298 ‚
573 1230 610 1282 ut
623 1219 759 1284 colonias
775 1218 928 1284 militares
939 1242 977 1286 eo
987 1220 1090 1285 duce-

8 1295 10 1362 l
75 1317 197 1389 rentur,
209 1323 241 1374 et
256 1309 413 1373 veteranis
426 1321 513 1372 certa
528 1330 603 1393 pars
614 1307 684 1393 agri
695 1307 736 1372 ab
748 1307 955 1374 benemerita
966 1308 1091 1374 divide-

8 1439 10 1474 a
75 1407 167 1460 retur.
184 1398 322 1484 Egregie
337 1419 407 1462 rem
421 1417 463 1462 ex
475 1396 599 1482 antiqu.
620 1397 715 1461 Rom.
728 1397 878 1484 exposuit
891 1399 937 1464 V.
950 1399 988 1462 C.
1000 1398 1088 1466 Petr-

8 1483 10 1488 ’
75 1482 275 1552 Burmannus
286 1487 325 1552 dc
339 1485 494 1574 vectigolss
503 1507 587 1572 pop.
601 1481 703 1550 Rom.
716 1485 759 1550 6⁰.
773 1485 916 1550 Additur
927 1488 1089 1574 exceptio.

75 1569 145 1638 Uno
155 1576 246 1640 enim
260 1598 335 1640 casu
350 1575 465 1640 milites
476 1573 620 1662 praedam
631 1573 689 1638 sibi
701 1573 898 1654 retinebant,
910 1573 936 1639 si
947 1575 1091 1663 impera·

8 1737 9 1748 1
76 1669 121 1725 tor
131 1685 202 1728 cam
215 1665 279 1729 illis
293 1663 406 1728 diserte
417 1664 616 1750 permitteret
630 1712 639 1742 ‚
653 1663 676 1754 l.
694 1665 757 1740 36,
771 1663 801 1750 §.
817 1685 851 1742 ν,
868 1661 904 1728 0.
918 1665 960 1727 cle
971 1664 1098 1732 donat.¹

8 1757 10 1830 ᾗ
76 1753 155 1834 quod
179 1753 355 1840 aliquando
380 1752 476 1816 fiebat
501 1751 680 1818 excitandae
702 1749 898 1816 fortitudinis
917 1775 1043 1832 caussa,
1065 1753 1093 1816 si
1146 1795 1147 1802 κ

77 1841 199 1922 quando
220 1845 334 1926 ingens
353 1841 538 1905 immineret
554 1839 767 1928 periculum
793 1841 839 1903 uti
859 1851 890 1905 st
914 1839 1010 1906 hodie
1030 1839 1093 1904 ali-

8 1925 10 1932 ’
77 1929 199 2011 quando
207 1929 280 1994 fieri
286 1931 381 2006 solet,
392 1929 537 1994 maxime
545 1929 570 1993 si
580 1927 760 2016 respublica
772 1929 930 2016 permittit
942 1929 1092 2018 privatis,

8 2041 10 2068 ν
76 2027 109 2076 ut
122 2019 256 2094 navibus
270 2018 402 2082 armatis
415 2019 554 2084 hostium
573 2017 709 2082 navibus
723 2017 850 2084 insidiam
862 2029 1004 2100 stimant,
1015 2022 1105 2084 tuno

8 2129 10 2190 ς
77 2105 158 2170 enim
169 2107 205 2172 iis
216 2129 292 2196 pars
302 2107 420 2194 praedae
431 2106 564 2170 concedi
572 2107 661 2170 solet.
678 2115 722 2192 7⁰.
733 2107 821 2172 Hinc
834 2119 865 2172 et
878 2106 971 2172 facile
987 2118 1094 2196 patet,

8 2191 10 2272 l
79 2194 150 2278 quid
163 2197 203 2260 sit
221 2199 273 2282 jus
288 2195 490 2284 postliminii?
500 2195 533 2260 Si
546 2195 632 2259 enim
647 2217 782 2283 persona
796 2196 922 2284 captiva
942 2197 994 2264 vel
1005 2196 1118 2263 navis.
1140 2197 1212 2270 Ψ*
1231 2174 1312 2223 s‘m

78 2293 218 2374 tempore
238 2285 313 2349 balli
330 2285 509 2348 custodiam
527 2284 625 2348 hostis
643 2283 766 2366 eradit,
787 2285 922 2350 simulac
936 2285 1016 2350 fines
1029 2287 1096 2349 im·
1175 2256 1298 2348 dmm

8 2405 10 2444 g
79 2373 154 2457 perii
166 2373 271 2439 nostri
285 2373 407 2458 attigit,
421 2372 520 2436 velia
538 2383 671 2460 portum
681 2384 830 2437 nostrum
842 2373 1002 2463 pervenit,
1016 2375 1098 2464 pris-

8 2475 11 2544 g
80 2461 142 2526 tina
151 2463 229 2549 jura
246 2462 497 2549 recuperatjure
511 2461 713 2550 postliminii.
726 2461 763 2526 ld
780 2474 840 2544 est,
851 2461 1007 2550 fingitur,
1024 2486 1098 2528 eam

10 2579 11 2586 ¹
76 2551 300 2638 numquamin
308 2562 461 2638 potestate
470 2549 611 2614 hostium
619 2549 722 2632 fuisse,
733 2551 755 2616 l.
759 2571 795 2638 7,
806 2553 837 2637 ς.
850 2576 884 2639 19
890 2603 898 2632 ,
897 2551 945 2642 ff
958 2555 1095 2640 decept.

9 2636 11 2712 J
80 2650 109 2703 at
119 2641 276 2726 postlim.
294 2639 347 2703 Ex
370 2663 434 2726 qna
460 2638 589 2704 fictione
608 2639 770 2727 sequitur,
790 2642 832 2730 (a)
855 2653 892 2725 ut
912 2665 1056 2730 personas
1080 2664 1099 2706 e

9 2811 10 2814 Ἴ
41 2774 45 2792 .
81 2731 266 2817 captivitate
281 2751 416 2793 reversae
434 2726 516 2792 fiant
530 2729 698 2815 ingenua,
719 2729 761 2815 (β)
778 2739 816 2792 ut
833 2748 883 2795 res
901 2730 1122 2820 postliminio·

79 2819 218 2884 reductae
230 2818 362 2883 redeant
373 2818 415 2882 ad
426 2819 570 2906 priorem
586 2818 768 2911 dominum.

117 2983 209 3058 Apud
235 3001 289 3038 nos
312 2993 342 3038 et
362 2983 583 3056 occupationem
606 2983 737 3039 bellicam
758 3001 819 3046 essa
840 2981 1014 3056 acquirendi
1034 3003 1100 3041 mo-

8 3066 12 3116 1
81 3061 151 3120 dnm
167 3067 216 3122 rel
233 3063 301 3120 indo
319 3075 399 3137 patet
420 3065 502 3138 quod
522 3064 681 3122 habeamus
700 3063 830 3119 tribunal
848 3063 961 3120 dictum
987 3066 1106 3123 Conscil

81 3147 130 3202 des
153 3149 259 3203 Prises.
287 3147 355 3201 Non
383 3145 472 3215 modo
494 3147 570 3202 enim
595 3147 693 3220 praeda
715 3165 780 3220 quae
804 3145 835 3200 in
853 3143 917 3200 solo
938 3145 1101 3215 lit‚1nilitis

8 3245 10 3304 ζ
80 3223 283 3293 luoro‘cedit,
307 3226 331 3282 si
351 3227 377 3284 ei
400 3227 539 3302 permissa
558 3228 666 3297 fuerit3
688 3227 738 3284 sed
757 3225 866 3294 etiam,
886 3246 952 3302 quaa
970 3229 1003 3284 in
1027 3229 1099 3287 salo.
1176 3215 1184 3240 ⁶

8 3323 9 3332 ³
81 3305 132 3365 luc
146 3311 225 3366 enim
237 3307 384 3382 pertinent
398 3327 506 3377 naves,
520 3329 584 3384 quae
597 3309 761 3382 sumptibus
772 3308 959 3381 privatorum
971 3309 1105 3370 incursu

9 3403 10 3444 ἰ
81 3405 256 3456 armantur,
275 3401 368 3446 utres
382 3390 499 3446 hostiles
519 3389 714 3464 intercipiant.
728 3386 803 3448 Nam
816 3389 962 3466 quidquid
975 3391 1005 3448 in
1021 3413 1106 3452 suam

9 3469 10 3472 ’
81 3472 218 3548 redigunt
240 3482 441 3545 potestatem,
467 3471 546 3528 istud
573 3472 641 3544 jure
667 3471 722 3528 sibi
743 3471 916 3542 vindicant,
945 3474 1108 3533 secundiani

82 3553 157 3628 leges
189 3552 320 3610 nauticas
345 3571 473 3626 quarum
498 3553 682 3612 conservatio
708 3553 740 3612 in
765 3554 828 3612 hac·
845 3567 930 3634 parte
948 3556 1108 3634 mandatur

8 3645 10 3714 j
84 3633 161 3694 dicto
175 3634 303 3694 Consilio
320 3649 516 3714 captaturum,
