2644 4504
18 271 22 422 i
154 322 212 390 ua
225 325 430 394 sosreo'r.
449 326 559 396 'ron
580 327 640 394 nr
661 323 946 394 conaronm.
993 320 1061 390 ns

18 447 19 494 t
60 431 359 502 decemviralem&
380 440 474 501 tutor
493 436 570 502 dolo
589 437 682 504 mulo
692 449 815 528 gerat,
836 438 1058 523 vituperator

60 523 242 612 quandoque
254 522 365 611 finita
386 525 494 590 tutela
506 527 608 605 escit,
620 523 764 612 sartum
775 526 939 614 duplione
951 523 1059 587 latito.-

58 633 90 674 ex
103 635 235 698 quorum
249 615 357 704 prima
372 627 465 703 parte
479 664 488 693 ,
501 615 625 682 crimen
638 617 794 704 suspectis
809 639 852 696 en
865 611 1059 703 posteriore,
1090 703 1093 710 μ

57 701 198 768 actionem
208 703 248 768 de
259 703 471 770 distrahendis
481 705 659 772 rationibus
673 705 862 774 descendere
872 705 977 768 docet.

86 863 145 919 Non
163 840 302 945 enfide]
325 865 360 924 Id
374 846 488 924 estnon
505 888 542 925 ee
558 869 667 944 officio.
689 868 773 926 Fides
788 869 865 946 enim
878 865 925 925 h'ic
936 867 1065 936 denotat*
1162 853 1168 868 ⁸

55 943 174 1001 officium.
189 949 224 1003 Et
239 951 374 1026 quamvis
387 949 479 1024 aliqui
494 950 632 1022 objiciant
648 949 677 1030 ᾗ.
698 949 736 1022 5,
760 953 850 1007 Instit.
870 951 899 1008 Ιι.
920 963 940 1006 t.
956 962 1057 1017 ‚tam-

53 1044 127 1098 quam
139 1043 305 1104 suspectum
324 1031 469 1088 removeri
486 1051 592 1107 posse,
612 1035 699 1090 etiarn
719 1033 772 1108 qui
789 1033 925 1088 nondum
934 1032 1060 1106 tutelam

53 1110 211 1184 susceperit3
231 1132 309 1188 resp.
322 1125 441 1180 tamen,
464 1125 492 1169 et
509 1113 539 1170 id
560 1117 665 1172 contria
685 1115 815 1172 officinm
834 1134 895 1171 esse
905 1156 916 1184 ‚
937 1113 1008 1191 quia
1020 1110 1059 1168 ed

51 1187 163 1247 officium
178 1196 285 1252 tutoris
297 1196 424 1271 pertinet
436 1204 548 1273 gerere.
940 1223 942 1232 ν
988 1205 995 1218 “

308 1354 338 1437 a.
363 1351 529 1418 ooonr
551 1364 584 1417 et
605 1353 773 1421 ooorv.

84 1514 123 1572 2⁰.
141 1502 214 1574 Iam
234 1523 363 1598 ergoet
381 1511 519 1576 alteram
541 1511 753 1598 quaestionem
774 1509 867 1580 facile
890 1509 1062 1600 expende-

49 1616 121 1678 mus,
136 1597 205 1686 quis
216 1601 315 1689 possit
328 1611 469 1665 tutorem
483 1612 668 1688 suspectum
680 1602 854 1668 accusare?
866 1601 953 1686 Quia
965 1603 1062 1667 enim

48 1683 102 1748 hec
121 1691 281 1757 accusatio
299 1703 346 1758 est
368 1690 459 1778 quasi
480 1691 633 1779 publica,
655 1703 692 1756 nt
711 1691 746 1756 in
765 1689 952 1758 definitione
972 1691 1059 1758 vidi-

47 1793 122 1856 mus,
148 1781 284 1846 omnino
308 1781 410 1846 cuivis
436 1779 532 1846 licere
558 1779 686 1846 debebit
709 1781 794 1846 hano
818 1780 1059 1846 accusationem

46 1861 201 1934 instituere.
218 1870 297 1934 Non
312 1869 400 1938 euim
422 1869 540 1934 dicitur
558 1872 648 1956 quasi
668 1871 797 1960 publica
814 1870 850 1934 in
867 1871 890 1934 l.
909 1893 921 1934 a
930 1920 943 1950 ,
962 1872 992 1955 ς.
1013 1872 1057 1948 6,
1104 1867 1113 1888 ”

39 1949 113 2038 ffb·
128 1967 150 2020 t.
166 1959 249 2045 quia.
259 1957 315 2026 bio
333 1961 380 2025 de·
393 1959 671 2048 animadversione
688 1972 721 2028 et
740 1959 908 2048 disciplina
925 1959 1057 2047 publica

46 2042 136 2124 agitur
151 2045 282 2134 (tutoris
301 2049 390 2116 enim
408 2048 532 2114 malitia
549 2072 618 2114 non
636 2061 705 2114 tam
721 2049 925 2116 securitatem
944 2049 1060 2138 reipu-

12 2159 14 2198 t
45 2126 138 2214 blicae,
153 2160 255 2224 quam
271 2161 341 2204 rem
357 2137 551 2204 familiarem
562 2161 606 2227 pu
634 2140 681 2204 illi
693 2138 822 2218 turbat,
838 2139 983 2224 adeoque
999 2159 1058 2226 po·

11 2203 14 2298 i
44 2217 93 2284 tius
106 2224 145 2288 ad
161 2248 287 2292 caumas
305 2227 449 2318 privatas
470 2163 649 2316 pertinet&
667 2251 772 2316 neque
792 2229 890 2296 etiam
905 2229 977 2294 ideo
993 2229 1058 2293 hoc

11 2305 12 2322 ¹
43 2327 147 2402 nomen
164 2315 281 2397 habet,
303 2319 392 2405 quod
405 2316 448 2381 ob
464 2317 590 2383 crimen
612 2321 750 2408 suspecti
764 2317 924 2404 judicium
946 2317 1057 2406 publi·

43 2417 104 2464 cum
118 2411 150 2468 et
162 2405 333 2475 criminale
347 2407 535 2474 instituatur
553 2409 653 2496 (nam
668 2408 775 2496 potius
789 2429 901 2473 coram
917 2421 1057 2498 praetore

42 2488 148 2572 agitur,
167 2496 225 2584 qu'i
244 2517 313 2562 non
329 2496 490 2585 gaudebat
506 2517 598 2561 mero
610 2497 770 2587 imperio,
789 2497 844 2562 sed
856 2509 987 2564 tantum
1000 2499 1058 2588 ju·

40 2573 206 2650 risdictioue
228 2577 491 2676 civili)‚'verum
512 2585 585 2652 ideo
607 2585 670 2655 hoc
691 2609 812 2651 nomen
836 2588 953 2667 habet,
979 2589 1057 2675 quia

40 2669 243 2762 unusquisque
263 2697 306 2740 ex
323 2675 447 2766 populo
457 2723 467 2758 ,
485 2675 610 2742 etiamsi
631 2677 699 2764 ejus
718 2699 785 2742 non
802 2677 951 2753 ¹videatur
968 2678 1056 2743 iute-

39 2776 121 2839 resse,
145 2762 230 2840 hauc
249 2767 487 2834 accusationem
504 2777 589 2830 recte
603 2764 770 2832 instituere
784 2779 935 2853 poterat,
958 2769 988 2852 ς.
1010 2770 1059 2845 3,

38 2843 114 2912 Insa.
125 2849 158 2919 Ιι,
172 2863 197 2916 t.
209 2853 300 2918 Hinc
315 2857 415 2922 etiam
429 2875 497 2920 non
511 2855 630 2921 dicitur
642 2875 718 2924 rere
731 2854 861 2940 publica
877 2854 1056 2935 accusatio,

37 2935 80 2998 ted
101 2943 201 3026 qnasi
214 2942 387 3028 spalatino,
414 2943 462 3008 nti
482 2942 556 3028 jure
575 2955 688 3010 nostro
708 2943 830 3010 dautm
852 2947 1059 3034 quusi-conr

37 3031 171 3107 tractus,
188 3033 437 3118 qnasi-delicta
444 3082 456 3112 ‚
475 3031 821 3122 quasi-possessiones
834 3083 846 3112 ,
861 3033 1055 3122 quaesi-tra-

36 3110 190 3194 ditiones,
209 3143 290 3208 quas
310 3123 490 3187 locutiones
508 3143 621 3188 omnes
639 3145 659 3190 a
678 3121 793 3186 Stoicis
811 3144 875 3188 esse
884 3172 894 3203 ,
915 3122 972 3208 qui
988 3119 1058 3206 fre·
1128 3199 1129 3204 γ

35 3217 139 3286 quante
156 3207 212 3276 illa
235 3212 395 3298 particula
417 3220 524 3282 densata
544 3213 596 3278 vel
619 3213 723 3302 quusi
742 3212 938 3292 utebantur,
962 3224 1000 3276 ut
1021 3212 1057 3276 in

34 3303 99 3358 nota
128 3296 159 3381 ς.
186 3297 323 3367 COEHI
354 3301 497 3390 'subjecta
528 3299 687 3390 exemplis
713 3301 894 3366 docuimus.
919 3302 1058 3368 Possunt

32 3399 99 3467 ergo
114 3395 259 3452 tutorem
273 3391 458 3480 suspectum
470 3393 635 3482 postulare
651 3413 781 3471 omnes,
795 3391 894 3458 etiam
910 3407 1056 3482 quorum

31 3488 88 3536 non
97 3475 234 3542 'interest
245 3508 260 3558 ,⁴
271 3481 346 3566 q'uia
361 3483 511 3548 interesse
526 3479 715 3571 reipublice
732 3481 883 3564 videtur,
898 3505 969 3548 rem
990 3505 1057 3572 pu·-

30 3560 99 3642 pitto
114 3566 240 3631 salvam
258 3573 343 3648 esses
360 3561 448 3637 unde
466 3583 499 3638 et
517 3569 648 3638 femina
669 3582 757 3636 recte
779 3587 935 3638 accusant
945 3623 954 3654 ,
977 3593 1058 3659 quas

30 3649 97 3714 alias
115 3675 175 3720 nec
186 3659 355 3746 postulare
371 3684 432 3752 pro
447 3661 517 3728 aliis
532 3683 641 3750 posse,
656 3681 718 3724 nec
733 3683 900 3743 accusare,
916 3683 959 3728 ex
975 3661 997 3726 l.
1014 3683 1052 3741 2,

23 3737 61 3823 ffi
76 3741 115 3834 de
135 3744 182 3810 R.
198 3743 236 3809 J.
256 3761 290 3812 et
307 3749 329 3812 t.
350 3773 381 3830 a,
398 3751 422 3815 l.
443 3773 462 3816 a
470 3802 481 3832 ‚
501 3751 545 3816 de
562 3761 714 3816 accusat.
727 3751 897 3816 'discimus
914 3751 977 3815 Sed
992 3767 1058 3840 par-¹

30 3825 92 3912 pilli
105 3829 199 3898 favor
215 3834 268 3900 hic·
287 3835 389 3904 vincit
407 3837 493 3906 hanc
510 3839 677 3928 regulam,
697 3840 799 3904 modo
813 3839 933 3907 femina
954 3859 1057 3903 accus·

29 3917 363 3994 satrixvorecundiam
374 3949 548 3997 sexnsnon
563 3928 753 4020 egrediatur
762 3978 773 4014 ,
787 3925 819 4016 ς.
836 3931 962 4010 3,Inst.
979 3930 1013 3995 a.
1032 3943 1057 3998 t.
