2756 4504
207 291 210 301 ·
282 121 966 392 oausurnnurrnrronn
1068 289 1136 380 5992

262 453 987 544 §.ccccxxrx-cuocxxxn.
1042 488 1256 619 Μ,
1363 417 1364 430 '

140 621 263 686 'Tertia
273 621 408 687 servitus
419 618 595 709 personalis
605 629 651 684 est
662 617 828 684 habitatio
838 667 847 699 ,
858 641 931 706 quae
941 629 987 684 est
994 619 1047 707 jus
1059 619 1152 685 alie-·

108 733 167 777 nas
175 711 257 776 aedes
267 709 470 775 inhabitandi
482 710 570 774 salva
583 729 697 772 earum
710 707 898 773 substantia.
920 708 1069 797 Plerique
1080 709 1135 774 hic

109 801 253 880 haerent,
268 799 371 886 qualis
380 798 501 862 sithaec
512 797 666 878 servitus,
681 807 713 861 et
725 807 877 884 repetunt
887 798 1042 884 quidem,
1061 822 1135 886 quse

108 889 223 974 injure
237 900 347 954 nostro
358 889 512 952 dicuntur
523 911 532 950 r
544 885 708 960 habitandi
717 886 771 973 jus
783 907 841 950 usu
855 889 974 950 aedium
986 910 1049 954 esse
1061 889 1137 976 pin-

110 980 225 1066 guius3
239 975 407 1042 usufructu
422 988 548 1056 autem,
560 975 708 1041 deterius.
725 975 809 1060 Quas
820 987 928 1040 autem
944 977 1083 1063 genuina
1097 978 1139 1042 sit

106 1068 306 1132 servitutum
325 1067 447 1131 harum
470 1065 620 1130 omnium
636 1063 830 1144 differentia,
853 1087 922 1130 non
942 1067 1138 1144 ostendunt3

111 1155 199 1244 unde
213 1155 445 1244 explicandum
462 1151 561 1218 modo
576 1153 773 1219 vocabulum
788 1153 955 1220 babitare.
977 1155 1136 1220 Habitare
1152 1179 1155 1185 ·

110 1245 148 1311 iu
166 1245 225 1310 hoc
238 1245 332 1309 titulo
348 1243 444 1308 estiis
457 1243 575 1308 aerlium
587 1241 731 1330 partibus
744 1241 905 1324 uti-frui,
920 1266 993 1332 quae
1005 1244 1134 1309 habita-

112 1334 195 1399 tioni
207 1328 368 1398 destinatae
379 1343 464 1396 sunt.
475 1333 526 1396 Ex
533 1332 595 1400 hac
606 1351 684 1416 ergo
697 1330 883 1396 delinitione
895 1344 1000 1420 patet,
1011 1342 1054 1398 1⁰.
1066 1335 1137 1422 pin·
1162 1335 1163 1346 ’

113 1423 209 1510 guius
222 1444 285 1486 ease
297 1421 360 1486 hoc
368 1422 420 1509 jus
436 1430 495 1484 usu
508 1420 638 1486 aedium.
647 1419 801 1486 Usuarius
810 1432 919 1486 autem
929 1433 978 1488 tot
989 1423 1139 1492 cubicula

114 1511 252 1598 accipit,
277 1522 355 1596 quot
376 1510 435 1599 ipsi
457 1532 538 1598 opus
559 1521 605 1574 est
624 1533 635 1588 3
653 1508 818 1574 habitator
840 1510 991 1576 omnibus
1013 1511 1139 1594 utitur,

110 1599 256 1682 inuitur,
278 1599 357 1664 adeo
377 1609 414 1662 ut
434 1621 470 1663 ea
491 1599 589 1687 etiam
608 1597 676 1662 aliis
697 1597 804 1663 locare
825 1599 876 1664 vel
899 1600 997 1685 gratis
1019 1624 1140 1666 couce-

114 1691 191 1755 dere
202 1689 301 1777 possit
314 1737 324 1770 ,
339 1689 364 1752 l.
380 1690 437 1766 13,
456 1686 492 1752 0.
506 1688 547 1752 de
561 1683 672 1774 usufr.
687 1687 775 1774 quod
788 1710 856 1752 non
867 1711 956 1775 posse
970 1689 1138 1758 usuarium

115 1779 227 1868 paullo
244 1789 319 1842 ante
332 1776 530 1842 monuimus.
549 1794 597 1840 ⁶2⁰.
622 1777 671 1848 Ex
693 1776 805 1840 eadem
826 1777 1011 1844 delinitione
1031 1777 1141 1867 patet,

116 1867 255 1932 deterius
277 1867 339 1931 hoc
359 1867 411 1955 jus
436 1889 500 1930 esse
520 1863 693 1930 usufructu
717 1866 847 1930 aedium.
872 1863 1142 1934 'Usufructuarius

115 1956 206 2021 enim
219 1955 342 2021 fructus
353 1977 394 2019 ex
407 1953 561 2020 universis
572 1953 695 2018 aedibus
712 1953 849 2042 percipit
861 2003 871 2036 ‚
888 1955 1031 2042 adeoque
1043 1959 1143 2024 etiam

115 2067 161 2109 cx
176 2045 314 2110 tabernis
326 2094 336 2127 ,
349 2045 435 2110 cellis
450 2094 458 2124 ‚
471 2043 591 2108 hortis:
605 2055 717 2108 contra
730 2043 893 2120 habitator
903 2056 1034 2110 tantum
1046 2047 1145 2113 habet

117 2134 267 2199 cubicula
295 2133 485 2198 habitationi
512 2131 690 2213 destinata,
716 2155 784 2197 nou
809 2133 942 2215 hortos,
975 2135 1144 2219 tabernas,

117 2223 214 2291 cellas
223 2273 233 2305 ‚
247 2235 308 2290 etc.
325 2225 474 2312 Superest
484 2221 573 2286 aliud
587 2221 770 2287 discrimen.
783 2221 951 2287 Habitatio
970 2246 1038 2289 non
1056 2227 1166 2353 peri-p

116 2312 220 2378 mitur
234 2312 346 2402 capitis
358 2310 580 2376 deminutione
599 2333 704 2399 neque
727 2312 873 2376 maxima
895 2335 1001 2400 neque
1022 2302 1165 2381 medici·

117 2402 294 2468 Rationem
308 2401 397 2465 addit
414 2401 625 2482 Modestinus,
638 2400 713 2486 quia
725 2399 880 2466 habitatio
892 2402 996 2489 magis
1010 2403 1045 2469 in
1056 2402 1144 2472 facto

118 2513 220 2576 quam
233 2492 267 2554 in
275 2491 348 2578 jure
360 2491 520 2572 consistit,
533 2489 555 2553 l.
572 2481 624 2567 ab,
636 2487 683 2578 ff.
704 2489 746 2554 de
756 2514 832 2578 cap.
850 2496 938 2556 dem.
958 2493 1047 2577 Quid
1065 2517 1143 2561 vcro

116 2580 182 2646 hoc
196 2579 254 2643 sibi
266 2580 363 2646 vult?
376 2579 446 2644 Nisi
457 2578 564 2660 fallor,
578 2578 660 2642 nihil
672 2578 779 2660 aliud,
790 2601 890 2665 quam
902 2579 1144 2648 usumfructum
1157 2603 1166 2723 p

117 2679 153 2732 et
174 2691 270 2732 usum
287 2692 351 2736 esse
373 2668 449 2755 jura
470 2667 676 2754 Quiritium,
699 2690 799 2750 eaque
811 2668 992 2754 exstingui,
1009 2673 1145 2741 simulac

118 2757 191 2842 quis
215 2757 298 2822 iuter
312 2758 400 2828 ciues
423 2769 454 2821 et
481 2757 623 2842 Quirites
645 2779 708 2821 esse
733 2756 855 2822 desinat
879 2783 887 2821 ε
911 2757 1146 2828 habitationem

118 2857 231 2910 antem
245 2848 348 2932 magis
361 2843 493 2911 infacto
505 2845 674 2910 consistere
686 2894 694 2925 ‚
707 2845 782 2930 quia
802 2858 834 2910 et
849 2848 1012 2934 peregrini
1028 2849 1145 2916 Romae
1231 2917 1233 2924 ,

85 2937 89 2944 ’
118 2935 265 3002 habitare
271 2936 391 3024 possint
402 2947 451 3015 ,et
462 2935 540 3000 hinc
553 2935 652 3000 etiam
665 2933 747 3000 nihil
758 2957 839 3023 opus
851 2957 928 3017 esse,
942 2947 978 2999 ut
989 2937 1146 3004 habitatio

118 3023 234 3112 capitis
246 3024 466 3090 deminutione
477 3023 629 3112 exspiret.

163 3167 270 3224 Omnia
288 3187 354 3242 quar
376 3167 432 3223 sub
453 3167 645 3244 paragraphis
662 3166 894 3240 praecedentibus
916 3167 1002 3226 docet
1022 3170 1148 3231 Heiuec-

117 3248 206 3317 cius,
225 3249 327 3306 eadem
345 3249 483 3305 observat
504 3249 603 3305 Codex
622 3260 723 3304 noster
745 3259 802 3304 art.
830 3246 984 3308 625·636.
1001 3253 1064 3310 Hoc
1083 3259 1146 3313 solo

119 3343 263 3403 excepto,
279 3330 361 3406 quod
378 3329 446 3402 jure
469 3341 572 3386 nostro
591 3350 658 3386 ustas
677 3329 862 3389 habitationis
877 3345 905 3392 et
927 3333 1066 3393 habitatio
1086 3357 1148 3397 nou

116 3410 280 3478 differ-unt,
294 3411 344 3466 sed
357 3411 460 3468 eodem
471 3411 635 3487 planeloco
649 3412 814 3482 habentur,
832 3433 894 3490 quo
913 3415 1034 3491 simplex
1048 3403 1150 3492 cujus-

121 3513 167 3552 vis
181 3513 224 3550 rer
236 3512 318 3550 usus.
339 3504 343 3519 “

224 3626 257 3712 §.
287 3623 612 3694 CCCCXXXIII
642 3636 673 3690 et
700 3625 1038 3698 CCCCXXXIV.

166 3775 292 3841 Ultima
305 3774 439 3840 servitus
454 3773 629 3864 personalis
643 3785 719 3838 sunt
735 3799 846 3861 operoe
866 3776 1057 3858 servorum,
1075 3805 1149 3870 quae

117 3877 197 3932 suut
212 3865 265 3954 jus
285 3874 417 3933 omnem
437 3865 611 3940 utilitatem
630 3885 673 3929 ex
691 3867 797 3954 operis
812 3866 897 3932 servi
921 3867 1017 3934 alieni
1038 3875 1147 3961 perci-

474 4027 481 4062 l
