2710 4504
124 271 128 280 ’
206 254 249 344 74
517 251 894 334 'PROOEM'IUMae

96 391 98 399 ⁴
205 366 228 430 l.
247 367 330 452 ἧς.
355 366 408 456 47.
419 365 467 458 ff
486 367 535 434 de*
557 369 702 460 Origine
730 372 840 436 Iuris.
862 373 929 437 Hio
955 383 1063 438 autem
1087 372 1242 462 Augusto

205 453 418 538 adulabatur,
431 480 468 521 eo
475 459 646 544 praeditus
659 463 808 550 ingenio,
823 473 861 526 nt
872 463 944 546 rpus
957 463 1157 552 obsequium
1171 489 1243 530 non

197 558 317 634 posset
329 571 400 611 non
413 549 674 614 dominantibus
681 551 847 637 probari,
860 551 942 616 Tac.
959 551 1005 618 it.
1025 551 1068 618 Hi
1083 576 1163 640 ergo
1178 555 1196 620 J
1201 579 1244 626 υτ

205 635 391 703 risconsulti
412 639 549 725 σόγχροιοι
565 639 601 702 iu
614 640 726 704 multis
742 640 970 706 dissentiebant
981 641 1066 730 juris
1080 643 1247 732 interprey
1287 703 1289 706 .

204 724 391 792 tationibus.
412 729 579 818 Capitonis
595 730 779 819 proecipuus
793 741 863 796 erat
879 731 1055 819 discipulus
1066 733 1247 802 Massurius

206 814 533 898 Sabinus,Labeonis
542 819 671 900 Nerva,
683 819 904 886 cuiProculus
912 820 1115 888 succedebat.
1127 821 1245 910 Quum

205 927 286 992 ergo
300 905 336 972 hi
354 921 524 999 acceptam
541 933 560 973 a
574 909 829 998 praeceptoribus
843 908 1028 974 doctrinam
1042 909 1082 976 ad
1094 923 1247 1001 'posteros

89 1070 92 1074 .
206 1011 449 1084 propagarent,
471 999 519 1064 illi
542 999 621 1062 dicti
643 1010 720 1064 sunt
741 998 943 1079 Sabiniani,
968 1000 1004 1064 hi
1025 1001 1244 1076 Proculiani.

205 1083 328 1166 Sabino
340 1089 488 1154 successit
500 1089 538 1154 C.
554 1087 680 1156 Cassius
691 1087 881 1174 Longinus,
894 1089 1037 1154 Proculo
1052 1090 1208 1177 Pegasus,
1224 1089 1245 1154 a

205 1174 384 1264 quibushae
396 1189 490 1245 sectos
502 1200 588 1260 nova
597 1178 733 1242 nomina
743 1177 864 1244 sortitae
875 1188 961 1257 sunt,
973 1190 1144 1258 sectatores
1155 1180 1246 1252 sitim

205 1265 294 1330 Cassi
310 1266 389 1332 dicti
404 1267 584 1347 Cassiani,
603 1279 774 1335 sectatores
793 1267 906 1354 Pegasi
921 1267 1124 1356 Pegasioni.
1147 1269 1194 1336 Hi
1208 1269 1246 1334 in

205 1355 319 1420 multis
331 1356 414 1444 juris
429 1357 589 1446 capitibus
604 1357 747 1442 graviter
761 1357 989 1426 dissentiebant
999 1407 1009 1438 ,
1021 1359 1248 1446 ceuproeclare

206 1439 1246 1537 dpcueruntEmuudusMerilliusObrermlibd,capa.seqq.et

209 1535 306 1616 Vs),
312 1537 413 1602 Corn.
424 1559 490 1604 van
500 1537 569 1602 usk
579 1537 617 1610 in
628 1533 727 1602 Orat.
740 1536 1247 1608 desectisluriscomultorum.

209 1623 327 1710 Quum
346 1625 456 1714 itaque
475 1637 546 1714 tam
562 1623 716 1712 ambigua
737 1637 770 1691 et
788 1626 912 1697 incerte
931 1640 1034 1693 essent
1050 1626 1123 1712 jura
1144 1649 1248 1713 quam

207 1713 373 1802 plurima,
396 1715 598 1784 iustinianus
617 1713 717 1780 edidit
730 1714 786 1788 to.
800 1715 1002 1796 Decisioues‚
1019 1715 1136 1802 quibus
1150 1716 1248 1780 illum

210 1803 389 1872 dissensum
403 1805 551 1888 sustulit,
566 1816 599 1870 et
618 1803 718 1886 modo
736 1803 1025 1883 Proculiauorum‚
1041 1805 1142 1873 modo
1158 1806 1249 1870 Sabi-

209 1892 515 1980 piauorum,mod0
531 1905 682 1960 neutram
697 1893 890 1959 sententiam
903 1893 1067 1982 probavit.
1177 1935 1180 1940 -
1231 1968 1235 1982 Ι

257 1989 303 2062 2⁰,
326 1987 503 2064 Vocantur
515 1996 554 2064 et
573 1985 625 2052 hae
645 1983 819 2056 decisiones
837 1983 1062 2066 iustinianeae,
1083 1983 1160 2070 quta
1179 1983 1249 2074 ejus

211 2074 360 2162 auspiciis
380 2074 572 2160 conscriptae
589 2084 686 2152 sunt.¹
703 2072 869 2161 Prtncipue
888 2084 999 2138 tamen
1019 2085 1052 2138 et
1072 2073 1127 2138 hic
1146 2095 1248 2162 opera

211 2180 287 2225 usus
301 2173 348 2226 est
360 2161 555 2232 Tribouiani
564 2161 712 2249 ,“quisibi
724 2161 811 2227 hano
823 2161 954 2226 laudem
969 2159 1035 2254 ip‘se
1050 2162 1164 2228 tribuit
1174 2165 1205 2249 ς.
1216 2164 1251 2232 5.

210 2249 329 2319 Iustis.
345 2252 547 2318 dclibertin.
732 2297 735 2302 ,
832 2299 834 2304 ,

177 2395 179 2400 .
253 2335 300 2406 5⁰.
310 2340 374 2418 Sed
388 2341 441 2406 ubi
455 2341 616 2406 habentur
627 2340 759 2422 illasbo.
770 2339 1083 2430 DecisionesiResp.
1099 2341 1155 2406 Eoe
1166 2352 1247 2410 tuno

212 2429 368 2518 temporis
376 2429 507 2496 seorsim
521 2431 731 2518 prodierunt,
746 2429 801 2496 sad
815 2429 911 2508 hodie
928 2442 1059 2495 exstant
1074 2431 1111 2498 in
1128 2429 1250 2504 Codice

211 2531 323 2584 nostro
348 2521 493 2608 repetitae
515 2519 729 2608 praelectionis
747 2518 807 2584 sub
826 2519 957 2584 diversis
968 2519 1037 2606 ejus
1053 2520 1163 2585 titulis.
1183 2521 1210 2584 F
1211 2543 1251 2584 o-

210 2609 272 2762 cii?
292 2615 405 2683 tamon
427 2610 578 2696 cognosci
597 2621 732 2704 possunt
745 2607 872 2674 duobus
885 2607 984 2696 signis
1004 2610 1057 2678 vel
1073 2611 1248 2676 characte-

211 2719 242 2763 ri
265 2719 316 2762 us:
545 2717 547 2722 ·
943 2733 944 2736 ¹

262 2803 307 2867 1⁰.
326 2801 429 2888 ,Quod
450 2822 564 2867 omnes
583 2801 668 2868 datae
688 2811 780 2882 sunt,
802 2800 855 2866 vel
877 2799 1062 2889 Lampadio
1074 2811 1116 2865 'et
1134 2801 1250 2870 Oreste

212 2889 319 2973 Coss,
332 2891 383 2956 vel
395 2892 685 2981 postconsulatum
697 2889 874 2980 Lampadii
882 2901 915 2954 et
926 2891 1049 2956 Orestis
1060 2889 1148 2955 Coss.
1161 2913 1249 2957 anno

212 2981 377 3061 secund03
571 3055 576 3062 ¹
709 3053 711 3058 ,

260 3091 309 3149 2⁰.
331 3083 439 3169 Quod
451 3083 487 3148 in
505 3081 542 3148 iis
557 3081 609 3166 j'us
624 3085 871 3149 controversum
891 3079 1063 3148 deciditur.
1085 3083 1249 3173 Exempla

212 3173 339 3240 suntin
363 3173 385 3238 l.
417 3193 471 3254 m,
495 3173 532 3240 0.
549 3171 591 3238 de
613 3170 814 3261 Usufrnctu.
829 3169 901 3237 inl.
914 3169 985 3252 24,
1004 3169 1043 3236 Ο.
1063 3171 1103 3236 de
1127 3171 1252 3262 legatis

202 3271 250 3329 -et
265 3263 288 3328 l.
308 3263 370 3327 ult.
395 3260 432 3326 C.
449 3262 491 3326 de
507 3259 632 3328 condit.
647 3263 755 3326 instit.
770 3261 925 3326 Ceterum
941 3261 983 3326 50
995 3259 1066 3327 illas
1080 3261 1256 3329 decisiones
1333 3334 1335 3338 ,

212 3346 388 3444 separatim
399 3351 500 3416 edidit
511 3362 543 3414 et
555 3351 726 3424 luculento
741 3349 979 3416 commentario
990 3349 1165 3418 illustravit
1177 3353 1255 3419 Em.

212 3440 392 3521 Metilius,
405 3439 490 3506 Lut.
501 3439 589 3504 Por.
606 3443 703 3520 1618,
719 3461 832 3528 eaeque
846 3463 924 3504 cum
939 3439 1008 3506 aliis
1021 3441 1089 3528 ejus
1102 3441 1258 3532 operibus

213 3547 322 3635 nuper
342 3529 483 3620 Neapoli
501 3549 622 3596 recusos
640 3541 727 3596 sunt.
743 3529 859 3594 Exstat
874 3529 973 3595 etiam
990 3531 1125 3596 Joanuis
1138 3531 1260 3596 Strau-

212 3622 295 3704 ohi1,
310 3619 540 3686 turisoonsuui.
554 3619 779 3704 eruditissimi,
793 3621 1050 3686 commentarius
1064 3621 1100 3686 in
1118 3621 1177 3686 has
1195 3621 1258 3686 de-

212 3709 345 3798 cisiones
353 3759 363 3792 ,
378 3709 434 3775 scd
447 3705 673 3800 imperfectus.

237 3829 240 3832 Ι
256 3855 397 3944 Apustius
409 3913 412 3922 ,
423 3851 555 3944 Laden]
574 3854 619 3912 De
636 3853 768 3913 Antistio
782 3809 1067 3931 hhconeeiusque
1084 3852 1163 3939 epoti
1179 3873 1265 3914 non·
