2710 4504
222 309 280 410 xvj
366 303 371 310 “
558 308 918 388 unnrctrto.

203 431 258 502 lii
275 427 366 517 mei,
385 425 516 501 edendi
532 429 795 502 Recitationes
784 450 866 502 istas
886 423 1161 517 Heineccianas,
1190 413 1257 501 s'e'd

226 550 262 602 et
277 529 422 638 gratiam
439 548 588 600 vestram
605 555 818 627 magnopere
842 529 1013 600 initurum
1032 556 1073 599 ae
1094 529 1140 600 de
1162 527 1264 603 vobis

223 630 318 702 bene
336 626 546 698 meriturum
559 654 661 717 esse,
687 627 878 700 confidam.
897 625 1115 724 Equidem
1087 653 1118 698 st
1133 653 1265 723 quem-

225 727 314 814 libet
332 725 507 830 optimum
524 684 687 798 ducimus
709 727 897 798 verborum
920 753 1065 808 suorum
1090 724 1268 797 nuncium

228 851 271 896 ac
287 823 540 936 interpretem,
564 825 644 921 quis
661 824 813 896 melior
803 851 882 922 ipso
897 827 1166 909 Elementorum
1178 850 1267 894 auc·

226 928 326 997 tore?
338 923 562 1019 Inspectio
531 950 614 995 sane
627 951 667 994 ac
680 918 897 1035 degustatio
887 925 997 1035 ipsius
1009 923 1121 996 libelli
1134 949 1268 994 unum·

229 1047 410 1132 quemque
429 1021 532 1092 facile
551 1021 759 1111 convincet,
778 1022 866 1092 nihil
883 1050 966 1093 eum
983 1049 1021 1092 ιιι
1040 1021 1095 1093 his
1115 1021 1266 1094 Recita-

226 1120 383 1191 tionibus
407 1120 567 1192 omisisse
593 1144 653 1192 aut
680 1140 947 1220 praetervectum
974 1147 1074 1210 esse,
1095 1121 1195 1217 quod
1216 1118 1264 1190 ad

225 1219 367 1330 plenius
381 1218 607 1315 intelligenda
618 1219 803 1291 Elementa
817 1241 1011 1332 utcumque
1024 1223 1140 1292 facere
1158 1245 1263 1316 posse

229 1316 485 1389 animadvertit
503 1319 814 1430 Quemadmodum
832 1345 929 1389 entm
944 1317 980 1388 in
995 1318 1081 1415 ipsis
1095 1319 1265 1390 Elemen-

229 1436 275 1489 trs
290 1413 328 1487 td
342 1437 431 1512 egit
446 1435 506 1500 ut,
523 1415 622 1512 quod
636 1417 801 1488 thnuo
792 1443 830 1486 ιιι
844 1417 963 1489 Servio
978 1417 1141 1515 Sulpicio
1152 1415 1265 1486 admi-

227 1535 324 1590 tatus
341 1534 414 1601 est,
433 1472 626 1614 dialecticis
647 1515 833 1613 praeceptis
856 1515 1018 1587 adhibitis
1045 1535 1156 1587 artem
1176 1514 1263 1610 juris

230 1614 484 1701 constitueret,
505 1638 681 1712 omneque
699 1613 815 1686 adeo
804 1641 859 1710 jus
878 1614 1009 1686 civile
1000 1641 1038 1684 ιιι
1053 1640 1182 1712 genera
1200 1640 1265 1685 sua

229 1714 427 1811 digereret,
448 1737 645 1823 eorumque
662 1739 832 1827 generum
845 1739 946 1824 quast
933 1713 1119 1785 membra
1133 1713 1267 1808 dispar·

229 1815 336 1902 tiret,
358 1831 434 1882 tum
450 1810 628 1908 propriam
644 1812 816 1923 cujusque
836 1839 907 1886 vnn
925 1811 1131 1898 definitione
1146 1811 1267 1882 decla-

205 1931 350 2008 paret,
372 1935 417 1982 ex
433 1937 474 1982 ea
494 1910 630 2008 regulas
647 1931 682 1982 et
697 1931 867 1983 axiomata
884 1911 1051 2002 eliceret,
1057 1930 1146 1980 ¹tttm
1156 1936 1266 2007 ,quae

217 2037 275 2082 ex
288 2009 342 2081 his
355 2034 464 2105 prona
477 2009 706 2080 conclusione
722 2029 1044 2105 consequerentur,
1061 2008 1260 2105 colligeret,

229 2109 277 2180 ita
301 2108 338 2179 in
355 2107 409 2178 his
427 2106 702 2178 Recitationibus
719 2108 796 2179 haec
814 2107 932 2179 omnia
956 2127 1028 2178 tam
1049 2107 1205 2179 dilucide
1227 2125 1266 2180 et

229 2207 335 2304 plane
356 2204 564 2295 declaravit,
587 2206 855 2302 commodisque
872 2205 1049 2302 exemplis
1065 2226 1102 2278 et
1119 2205 1264 2304 specie-

229 2305 297 2378 bus
312 2303 514 2393 illustravit,
532 2322 573 2374 ut
593 2303 631 2374 in
623 2304 757 2416 plena
775 2305 856 2378 luce
882 2305 1094 2394 versemini,
1115 2331 1185 2376 nec
1202 2331 1268 2377 us-

233 2430 340 2514 quam
358 2402 492 2474 haerere
511 2401 663 2514 possitis.
688 2403 855 2476 Obscuris
879 2431 961 2474 sane
985 2361 1104 2475 luccni
1128 2403 1268 2477 adludit

231 2501 437 2591 clariorem,
457 2501 610 2574 rationes
628 2526 885 2600 preceptorum
900 2529 941 2574 ac
956 2503 1156 2600 regularum
1171 2502 1266 2600 pari-

232 2621 357 2712 terque
373 2599 625 2696 exceptionum
640 2601 856 2673 luculentius
872 2601 1093 2713 explanavit,
1115 2627 1269 2699 scrupu-

208 2701 311 2788 ·los,
331 2726 361 2770 st
358 2724 437 2799 qut
456 2701 548 2770 forte
563 2700 660 2771 nasci
680 2721 844 2798 possent,
860 2699 1011 2787 exemit,
1028 2727 1069 2771 ac
1083 2701 1269 2796 quomodo

232 2824 384 2896 quaeque
403 2797 602 2909 cobaereant
614 2817 746 2895 ,atque
770 2825 814 2870 ex
838 2799 909 2869 suis
931 2797 1112 2896 principiis
1118 2798 1269 2876 deduci

234 2917 394 2992 queant,
420 2895 507 2968 mira
537 2854 700 2970 facilitate
727 2925 768 2968 ac
798 2897 1036 2968 concinnitate
1063 2896 1266 2970 declaravit.

234 2996 373 3068 Deinde
390 2995 495 3067 stilo
488 3021 573 3068 usus
589 3017 663 3084 est,
686 3019 758 3068 non
772 3013 900 3068 'ornato
920 3015 978 3066 aut
988 2994 1185 3092 politiore,
1206 2997 1269 3094 qui

231 3093 688 3192 morarilectoremlinguae
707 3094 840 3167 Latinae
859 3121 962 3165 usum
983 3119 1057 3165 non
1077 3094 1269 3192 habentem

233 3215 374 3288 posset,
396 3192 460 3264 sed
482 3219 573 3289 puro
597 3213 713 3264 tamen
726 3195 915 3290 populari
931 3213 967 3264 et
981 3192 1064 3281 talt,
1089 3193 1153 3290 qui
1174 3193 1270 3266 illius

229 3291 364 3404 linguae
378 3317 451 3362 non
464 3317 609 3388 prorsus
626 3291 746 3388 ignaro
762 3292 945 3362 l'acillimus
958 3313 1051 3394 esset
1064 3291 1265 3365 intellectu.

233 3390 382 3464 Accedit
396 3390 551 3486 denique
564 3389 618 3460 ltis
631 3390 795 3462 omnibus
807 3389 979 3463 concinna
993 3392 1156 3466 brevitas.
1170 3396 1270 3464 Sem·

233 3516 299 3601 per
324 3488 421 3561 enim
443 3508 566 3560 auctor
589 3488 885 3586 prudentissimus
909 3515 993 3560 cum
1012 3490 1171 3560 maximis
1188 3491 1271 3564 viris

233 3587 387 3684 artisque
412 3613 484 3658 suae
513 3587 634 3685 peritis
658 3591 788 3672 sensit,
809 3587 896 3658 nibil
915 3615 1017 3678 esse,
1039 3588 1092 3659 uti
1112 3588 1148 3658 in
1172 3591 1273 3662 omni

234 3685 499 3784 disciplinarum
514 3714 668 3798 genere,
691 3687 742 3758 sic
760 3707 796 3756 et
813 3687 850 3755 in
860 3692 1004 3796 Legum
1025 3686 1142 3758 studio
1160 3690 1271 3785 magis

236 3804 510 3887 praeposterum,
525 3810 631 3896 quam
646 3783 688 3856 iis
701 3783 788 3880 ‚qui
799 3780 909 3894 priina
926 3785 1043 3883 legum
1057 3785 1272 3861 incunabula

206 3883 428 4038 ¹adpetunt,
451 3909 524 3956 non
541 3883 660 3956 mitius
679 3839 733 3954 laic
752 3908 965 3982 propinare,
988 3883 1050 3960 sed
1075 3883 1210 3956 debiles
1229 3911 1273 3968 ac

1006 3981 1276 4061 delicatiores
