2756 4504
402 413 475 486 nn
505 397 862 490 nsnrnncru‘.
1082 413 1147 501 595

12 523 13 534 ¹
121 537 362 610 usumfructum,
381 543 510 599 traditur
530 545 561 600 in
581 555 634 599 art.
656 543 698 600 tu
720 556 748 599 ct
765 541 820 600 oo.
840 543 888 598 An
903 517 1099 612 de'impensis
1116 535 1148 592 iu

111 617 231 696 ¹judicio
243 623 327 681 factis
337 636 461 699 propter
474 643 520 682 res
529 625 726 692 fructuariae,
748 624 816 681 vide
828 635 884 680 art.
898 619 953 680 aa
964 633 991 678 et
1004 617 1065 679 ot.

481 789 511 872 s.
535 787 785 854 ccccxxi.

9 1037 10 1040 Ἴ
163 956 320 1026 Vidimus
330 957 486 1024 hactenus
500 958 603 1046 ipsam
614 968 768 1022 naturam
783 968 815 1021 et
828 955 970 1040 indolem
982 951 1150 1020 ususfruc-

121 1057 193 1112 tus:
208 1059 366 1135 superest,
382 1059 419 1111 ut
438 1048 626 1126 doceamus,
645 1046 812 1134 quomodo
829 1057 861 1110 et
879 1045 1094 1110 constituatur
1113 1043 1149 1106 e't

119 1135 264 1202 finiatur.
278 1136 369 1200 Prius
380 1135 530 1200 discimus
540 1158 582 1201 ex
589 1137 651 1201 hoc
658 1137 690 1221 ἕ.
700 1135 866 1224 posterius,
879 1158 920 1200 ex
932 1133 1147 1222 sequentibus.

119 1224 334 1289 Constituitur
356 1223 554 1290 ususfructus
576 1225 627 1289 vel
651 1248 673 1289 a
699 1225 771 1313 lege
797 1225 847 1289 rel
872 1249 894 1288 o
907 1225 1030 1310 judice
1050 1221 1101 1290 vel
1124 1243 1148 1286 {t

118 1312 271 1377 danaim.
290 1311 343 1399 (l.)
360 1313 397 1378 A
413 1313 501 1402 lege,
518 1314 642 1400 quoties
660 1311 736 1401 ipsae
752 1313 836 1400 leges
850 1313 1045 1401 disponunt,
1059 1321 1097 1375 nt
1111 1309 1148 1374 in

118 1400 171 1466 his
192 1403 245 1469 vel
265 1401 327 1466 illis
346 1401 441 1466 rebus
459 1401 701 1466 usumfructum
721 1401 906 1466 habeamus.
923 1403 977 1467 Sic
998 1407 1041 1465 ι’.
1062 1400 1148 1485 leges

114 1487 254 1577 jubent,
271 1501 306 1554 ut
321 1491 405 1578 patri
420 1502 583 1578 competat
597 1488 795 1555 ususfructus
809 1483 844 1554 in
859 1490 951 1555 bonis
963 1487 1148 1555 adventitiis

117 1577 308 1643 liberorum.
326 1579 349 1642 l.
367 1581 405 1657 6,
426 1579 508 1644 Ooct.
525 1579 568 1646 de
579 1578 656 1645 bon.
669 1602 747 1667 quoe
762 1579 820 1643 lib.
837 1588 885 1642 α’.
899 1578 1146 1664 Legesjubent,

115 1678 155 1731 ut
167 1665 193 1734 si
207 1667 330 1754 conjux
345 1668 386 1732 ad
401 1668 539 1734 secunda
561 1681 637 1734 vota
657 1669 789 1746 transit,
805 1668 875 1732 isin
890 1668 1006 1748 rebus,
1029 1688 1143 1754 quasa

115 1757 226 1844 priore
249 1757 388 1841 conjuge
414 1758 559 1846 accepit,
585 1768 715 1822 tantum
742 1754 983 1821 usumfructum
1006 1755 1144 1834 habeat,

115 1845 141 1910 L
158 1848 197 1925 3,
214 1846 237 1910 l.
252 1850 298 1925 5,
321 1842 402 1912 cod.
417 1846 460 1910 de
472 1845 607 1912 secund.
627 1857 724 1932 nupt.
745 1846 857 1910 Multis
875 1845 953 1911 locis
966 1856 1011 1910 est
1024 1847 1153 1932 recep-'

114 1943 209 2012 tum,
227 1935 274 1999 3⁰.
288 1944 326 1997 ut
342 1933 478 1999 maritus
496 1946 661 2000 constante
678 1934 887 2000 matrimonio
901 1931 1143 1999 usumfructum

103 2022 275 2112 percipiat
292 2045 404 2088 rerum
426 2024 714 2112 paraphernalium
734 2021 860 2102 uxoris,
882 2022 981 2110 idque
1001 2021 1144 2112 probant

113 2131 160 2175 ex
175 2111 198 2176 l.
211 2135 257 2197 9,
280 2113 311 2197 §.
327 2115 351 2176 3
361 2161 369 2192 ,
376 2109 423 2201 ff
438 2109 570 2198 dejure
585 2113 652 2178 dot.
668 2113 691 2178 I.
710 2135 739 2177 u
749 2161 760 2191 ‚
779 2111 862 2177 cod.
879 2113 1045 2200 depactis
1056 2135 1141 2176 con·-

4 2253 5 2258 ,
98 2210 205 2265 ,νοηὼ
222 2200 284 2264 Sed
302 2200 337 2266 in
356 2201 465 2289 priore
482 2202 552 2288 lege
572 2201 656 2268 nihil
675 2201 714 2266 de
735 2199 905 2266 usufructu
919 2201 1143 2290 parapherna-

111 2287 199 2355 lium
213 2289 353 2354 diciturz
370 2289 406 2354 in
420 2291 594 2378 posteriore
615 2288 814 2355 ususfructus
829 2289 990 2356 addicitur
1003 2289 1141 2370 marito,

110 2374 140 2443 si
153 2399 240 2442 uxor
251 2398 328 2442 eum
338 2399 379 2443 ex
405 2401 486 2446 resse
496 2379 708 2446 constituerit.
721 2380 810 2466 Ergo
822 2379 874 2466 jus
887 2391 1038 2445 nostrum
1049 2379 1141 2444 hunc

111 2465 355 2532 usumfructum
377 2401 559 2553 ligititnum
579 2469 732 2555 ignorat,
751 2469 841 2556 isque
862 2468 969 2557 potius
991 2489 1035 2534 ex
1058 2491 1140 2532 con-

111 2555 282 2621 suetudine
299 2568 365 2637 est,
385 2579 443 2622 ceu
462 2569 549 2622 recte
570 2558 718 2623 observat
738 2558 776 2622 Β.
800 2558 973 2646 Stryckius
994 2559 1031 2622 iu
1065 2557 1142 2624 Usu

110 2643 249 2733 Digest.
263 2645 296 2710 fu
313 2655 336 2708 t.
355 2643 429 2733 (ΙΙ.)
445 2647 483 2710 A
484 2647 606 2733 judice
617 2645 792 2734 aliquando
805 2645 1003 2724 ususfructus
1022 2647 1143 2712 consti·

109 2732 217 2798 tuitur
229 2733 264 2798 in
283 2733 385 2798 tribus
402 2734 533 2820 judiciis
551 2735 729 2814 divisoriis,
750 2736 919 2800 communi
937 2735 1141 2816 dividundo,

109 2818 243 2886 familias
255 2821 451 2887 erciscundae
465 2833 498 2886 et
511 2821 628 2888 finium
642 2823 886 2909 regundorum,
905 2824 930 2888 si
942 2825 1036 2888 aliter
1045 2846 1142 2912 sepa-

4 2913 6 2918 ’
109 2909 178 2976 rari
195 2933 264 2976 non
285 2910 421 3000 possint,
435 2912 492 2996 qui
514 2911 549 2976 in
569 2913 800 2976 communione
824 2923 909 2976 sunt.
931 2913 992 2982 Sic.
1008 2935 1037 2978 c.
1060 2935 1093 2998 g.
1112 2911 1140 2978 si

108 2998 200 3064 Titio
214 2999 283 3065 seni
304 3011 336 3066 et
358 2999 477 3064 Moerio
497 3022 601 3088 puero
621 3001 725 3086 legata
746 3000 786 3064 sit
807 3000 1019 3081 bibliotheca,
1034 3011 1145 3088 potest

103 3087 209 3176 judex
232 3089 280 3153 illi
302 3085 562 3171 usumfructum,
583 3090 660 3154 huic
682 3089 914 3177 proprietatem
937 3087 1139 3155 bibliothecae

107 3176 314 3260 adjudicare,
338 3176 426 3264 quod
445 3189 555 3242 tamen
574 3177 678 3242 rarius
698 3177 767 3242 fieri
786 3177 890 3243 debet.
912 3177 1006 3265 (ltu)
1025 3181 1063 3244 A
1080 3179 1140 3244 do·

108 3267 216 3332 mino.
235 3267 300 3332 Hic
325 3276 436 3332 autem
457 3265 697 3332 usumfructum
711 3267 804 3332 alteri
822 3267 989 3332 constituit
1008 3270 1060 3334 vel
1078 3292 1139 3360 per

107 3353 258 3420 ultimam
274 3354 495 3435 voluntatem,
514 3377 632 3445 nempe
649 3379 708 3442 per
727 3357 871 3442 legatum
883 3357 959 3438 ,rel
970 3379 1029 3448 per
1039 3371 1136 3448 pacta

105 3467 163 3510 seu
179 3443 408 3531 stipulationes.
427 3443 461 3508 Si
476 3446 587 3531 prius,
608 3445 701 3510 nulla¹
713 3445 885 3512 traditione
902 3468 984 3536 opus
1003 3460 1068 3526 est,
1082 3450 1138 3515 'sed

106 3530 365 3598 usufructuarius
376 3531 429 3618 jus
445 3533 479 3597 in
499 3556 533 3597 re
549 3556 590 3598 ex
608 3533 677 3622 ipso
697 3545 889 3600 testamento
909 3537 1136 3624 consequitur,

106 3622 241 3688 simulac
266 3631 397 3686 testator
418 3620 496 3686 obiit
512 3623 562 3708 (§.
588 3621 663 3709 559.
675 3622 727 3707 .**)
743 3625 921 3690 Posteriore
943 3649 1016 3690 casu
1041 3639 1135 3714 pacta

106 3723 163 3776 ant
173 3710 392 3800 stipulationes
403 3721 531 3774 tantum
546 3709 695 3775 tribuunt
704 3712 757 3797 jus
771 3713 812 3776 ad
823 3735 895 3781 rem
905 3738 961 3779 seu
973 3717 1135 3783 actionem

104 3801 308 3887 personalem
318 3799 469 3866 adversus
479 3799 723 3888 promittentem
733 3850 743 3882 ,
755 3813 792 3866 ut
806 3801 1047 3878 usumfructum
1060 3829 1134 3894 pro·

104 3889 240 3954 missum
253 3899 400 3980 praestet,
421 3910 489 3952 non
510 3899 620 3954 autem
637 3889 692 3975 jus
707 3890 742 3955 in
760 3912 815 3970 re,
831 3892 886 3956 sed
900 3892 981 3956 illud
997 3891 1131 3962 deinum

102 3977 247 4046 nascitur
270 4000 313 4046 ex
338 3976 549 4066 subsequente
573 3979 663 4068 quasi
690 3979 885 4066 traditione,
902 3981 925 4046 l.
951 4003 981 4048 n
995 4030 1005 4064 ‚
1020 3981 1068 4076 ff.
1088 3985 1131 4054 do

224 4115 242 4154 Ι

1364 3813 1366 3895 t
