2646 4496
17 89 19 140 t

285 369 364 442 nn
395 345 875 442 nnorrrouraus.
1030 367 1094 457 παρ’)

16 521 18 556 ,
82 476 147 544 inde
168 477 361 566 collegerant
382 491 530 544 veteres:
555 483 599 544 1⁰.
625 501 817 544 consensum
844 477 899 544 tilii
921 479 1097 564 arrogandi
1131 502 1184 517 ⁶·-

16 581 19 724 q
84 566 203 656 requiri.
223 570 356 634 Auctor
378 567 556 636 fieridebet
573 570 794 654 arrogantius,
814 581 846 634 et
860 569 936 636 hino
956 568 1097 632 iuterro-

84 656 196 744 gandus
209 669 254 722 est
269 659 436 748 primum,
457 681 500 744 an
522 660 665 747 patiatur
687 658 751 724 hoo
771 658 865 738 fieri,
887 657 910 722 l.
930 679 958 722 n
973 706 982 736 ,
1000 655 1039 742 ff.
1055 655 1098 720 de

16 727 18 834 ff
84 747 150 827 tte,
166 749 225 834 qui
243 750 299 812 eui
306 797 318 828 ,
332 761 391 814 etc.
414 761 463 812 2⁰.
480 747 682 834 Sequebatur
701 771 821 836 porro,
835 747 951 814 liberos
964 757 997 810 et
1013 744 1100 810 bona
1125 789 1169 808 ...

83 836 210 923 arrogati
228 838 363 902 transire
379 837 415 901 in
432 850 622 925 potestatem
641 848 674 900 et
685 837 867 902 dominiunr'
889 833 1098 922 arrogatoris.

82 923 159 990 Narn
172 925 213 989 in
227 927 320 1013 cujus
334 937 488 1014 potestate
512 938 558 992 est
580 947 716 1014 persona
742 925 947 1016 principalis,
973 925 1009 988 in
1031 924 1100 1009 ejus

83 1015 269 1080 etiam'sunt
288 1013 398 1081 omnia
415 1015 614 1095 accessoria,
631 1015 775 1102 adeoque
797 1027 830 1082 et
851 1014 943 1082 liberi
966 1024 1000 1080 et
1014 1013 1100 1076 bona

81 1105 213 1190 arrogati
223 1116 391 1170 transeunt
403 1117 572 1194 tamquam
581 1105 753 1172 aocesmuin
764 1106 799 1170 in
807 1115 995 1193 potestatem
1009 1123 1103 1168 arro-

81 1189 1104 1282 gatoris.Hincveteresarrogationem'vocaruntmodumadqui-

15 1327 27 1370 3
83 1283 166 1347 rendi
179 1283 406 1350 universalem.
423 1283 464 1348 V
462 1285 508 1350 ia.
517 1286 607 1349 luat.
616 1285 646 1369 ς.
662 1307 697 1363 1,
712 1278 893 1371 deudqu'ie.
903 1307 972 1371 per
983 1304 1102 1368 arrog.

15 1385 17 1436 t
84 1372 149 1458 quia
167 1380 338 1460 arrog'ator
359 1371 437 1438 eum
460 1385 610 1460 arrogata
635 1373 746 1437 onmia
769 1373 837 1456 ejus
856 1371 949 1448 bona,
962 1373 1103 1457 juraque

15 1459 17 1496 ἕ
84 1462 265 1550 adquirebat
276 1475 527 1552 ,.-praeterquam
545 1485 617 1550 quae
634 1461 747 1550 capitis
762 1461 986 1526 deminutione
1007 1460 1105 1524 tolle-

85 1549 204 1620 bantur.
226 1553 272 1618 3⁰.
286 1551 499 1640 Sequebatur,
508 1551 868 1640 impuberem'arrogari
876 1573 943 1615 non
954 1550 1103 1638 potuisse.
1127 1577 1217 1603 κ·-

85 1641 192 1723 Quum
220 1642 311 1707 enim
333 1663 402 1708 non
427 1641 467 1706 sit
490 1653 619 1706 tantum
646 1643 714 1728 ejus
735 1637 839 1706 animi
858 1640 1045 1728 judicium,
1068 1648 1107 1702 ut

84 1729 196 1812 sciret,
221 1730 304 1818 quid
328 1731 357 1796 ei
381 1731 574 1819 expediret,
600 1730 743 1818 adeoque
766 1751 827 1796 nec
852 1729 1032 1796 'consentire
1055 1725 1108 1792 rel

85 1815 190 1886 auctor
210 1819 281 1885 fieri
301 1833 407 1910 posset
417 1827 505 1902 ,nec
517 1831 644 1908 poterat
654 1820 968 1912 profectoarrogari.
981 1817 1109 1888 Posses

14 1949 15 1988 q
81 1908 237 2000 objicere,
249 1921 393 1975 tutorem
411 1903 551 2000 potuisse
569 1912 795 1975 auctoritatem
810 1909 1024 1998 interponere.
1043 1903 1109 1968 Ast

14 1997 16 2066 }
87 2020 163 2086 resp.
176 1999 288 2072 tutela
306 2012 355 2064 eat
367 2001 423 2066 vis·
434 1989 465 2063 et
476 2009 626 2086 pateatne
643 2001 681 2065 in
694 1999 806 2086 capita
822 1997 926 2064 libero
947 1997 995 2063 nd
1009 2006 1109 2060 tuen-

85 2086 159 2173 dum
174 2112 279 2167 enm,
297 2091 359 2176 qni
366 2113 434 2176 per
445 2099 583 2153 oetatem
606 2111 642 2152 aa
663 2087 837 2178 defendere
859 2089 987 2175 nequit.
1001 2087 1110 2151 Potest

13 2191 14 2202 ¹
86 2197 155 2264 ergo
169 2177 337 2268 pupillum
350 2189 440 2242 tutor
452 2176 552 2258 tueri,
567 2199 635 2242 non
658 2189 768 2244 autem
787 2199 865 2242 eum
879 2177 914 2240 in
928 2172 1111 2261 arrogatio-

89 2288 159 2330 nem
188 2268 287 2349 dare,
307 2269 395 2354 quod
411 2289 493 2338 vsaue
511 2277 701 2354 potestatem
721 2266 835 2332 tutoris
844 2267 985 2332 'excedit
1012 2261 1113 2332 Enim

13 2359 15 2384 '
86 2377 157 2421 vero
170 2358 341 2422 cumolim
353 2357 496 2446 pupillus
507 2355 650 2421 absolute
662 2357 808 2443 arrogari
822 2378 890 2420 non
925 2367 1019 2434 osset,
1035 2350 1112 2417 An·
1198 2433 1203 2442 Ι

88 2447 191 2511 tonius
218 2448 291 2512 Pius
313 2447 395 2534 imp.
419 2437 483 2510 hbe
496 2444 629 2532 quidem
651 2447 803 2526 indulsit,
823 2446 878 2512 sed
899 2381 985 2512 iianc
1002 2457 1113 2509 tamen

13 2619 14 2622 Ἴ
89 2539 327 2623 arrogationem
352 2534 561 2625 impuberum
594 2548 642 2598 tot
664 2534 915 2622 circumscripsit
944 2533 1115 2602 limitatio-

89 2627 176 2694 nibus
191 2679 201 2710 ,
223 2637 341 2712 utnon
358 2623 452 2690 facile
467 2645 666 2713 quemquam
678 2638 846 2714 repertum
858 2623 899 2689 iri
913 2625 1115 2700 existimem,

90 2719 205 2808 quibis
220 2717 345 2804 legibus
353 2736 512 2805 'arrogare
525 2715 612 2779 velit.
630 2715 825 2782 Videbimus
838 2738 890 2786 eas
904 2715 1114 2786 conditiones.

452 2874 754 2962 astruxi

132 3041 301 3112 Antonius
311 3025 558 3104 Piusnimirum
566 3036 702 3123 requirit
715 3045 755 3101 ι’.
767 3060 969 3101 eonsensum
975 3036 1120 3124 propin-

91 3123 245 3222 quoriam.
260 3131 394 3197 Horum
405 3126 494 3194 enim
507 3126 653 3191 maxime
665 3127 808 3190 interest.
831 3125 920 3190 Nam
938 3127 1012 3212 quia
1034 3123 1120 3190 mor·

92 3235 145 3288 tuo
166 3219 338 3310 impubere
363 3217 442 3281 certi
467 3213 575 3280 forent
597 3216 665 3301 ejus
688 3215 843 3294 heredes,
870 3215 957 3301 quod
973 3216 1122 3304 impubes

26 3327 29 3341 ·
93 3322 320 3377 testamentum
340 3307 479 3372 nondere
498 3304 634 3391 nequit,
654 3303 732 3368 hino
754 3325 886 3390 aequnm
906 3305 1033 3394 putavit
1056 3307 1124 3370 im-

13 3423 15 3478 t
94 3414 237 3488 perator,
250 3399 287 3466 iis
305 3397 358 3483 jus
373 3394 568 3464 succedendi
583 3395 755 3479 quaesitum
773 3416 842 3458 non
862 3393 971 3460 invitis
990 3392 1121 3460 auferri.

95 3493 110 3555 J
115 3491 187 3555 ussit
198 3491 307 3576 itaqua
317 3507 432 3559 eorum
441 3505 636 3549 eonsensum
646 3483 803 3548 adhiberi.
816 3493 859 3548 2⁰.
868 3483 1124 3550 Auctoritatem

97 3589 262 3656 tutorum,
278 3575 354 3662 quiq
368 3575 410 3638 ad
423 3573 645 3662 supplendum
657 3570 820 3638 defectum
830 3571 946 3660 judicii
956 3573 991 3637 in
1000 3573 1126 3662 pupillo

98 3689 174 3754 opus
184 3679 230 3744 est
242 3669 304 3733 han
316 3663 508 3738 auctoritate
521 3712 531 3743 ,
551 3662 699 3727 maxime
717 3661 775 3727 ubi
789 3663 974 3750 periculum
991 3663 1128 3726 laesionis

97 3755 266 3835 imminet,
291 3754 341 3818 uti
358 3753 406 3817 in·
418 3753 636 3838 arrogatione.
657 3753 704 3816 5⁰.
719 3751 958 3840 Cognitionem
981 3773 1124 3816 carerem.

100 3843 201 3910 D'ebet
213 3847 302 3912 enim
314 3842 521 3928 magistratus
534 3841 719 3928 inquirere,
734 3859 776 3904 an
789 3861 832 3904 ex
849 3842 935 3905 bono
950 3841 1060 3912 animo
1078 3847 1132 3904 ar-'

94 3923 209 4018 r'ogare
231 3934 336 4026 relitt
362 3953 403 3998 an
418 3931 511 4020 justa
527 3929 702 4020 arrogandi
725 3931 868 3995 caussa?
897 3951 939 3993 an
960 3941 1131 4019 arrogatur
