2710 4504
1 293 2 308 ¹
120 288 1160 336 m

364 503 928 642 uaiuaccu

184 818 1107 984 RECITATIONES.

110 1389 118 1424 ,
391 1309 896 1408 rnooauwu.

135 1493 363 1609 Cousmwnt
379 1555 442 1626 est,
457 1543 545 1634 quod
567 1545 658 1610 Deus
678 1543 886 1634 omnipotens
907 1541 985 1610 felix
1007 1541 1165 1614 faustum·
1189 1553 1204 1571 ¹

130 1656 196 1722 que
221 1655 285 1700 esse
311 1631 438 1722 jubeat,
461 1635 559 1722 liujus
580 1654 710 1722 quoque
736 1636 813 1698 anni
839 1634 930 1700 initio
954 1635 1166 1724 interpretari

130 1723 307 1794 Elementa
322 1723 341 1788 J
344 1723 410 1788 uris
422 1746 441 1788 a
454 1723 548 1791 nobis
557 1724 737 1789 seeundum
754 1723 998 1790 Institutionum
1012 1725 1164 1790 ordinem

132 1811 444 1900 adornatumque
463 1811 627 1880 laboretis
647 1811 866 1892 versabimur,
881 1821 939 1892 ut,
960 1812 987 1876 ai
1007 1812 1165 1878 discentes
1270 1873 1275 1880 .

130 1903 281 2002 eamdem
311 1901 535 1988 diligentiam,
571 1902 672 1990 quam
698 1923 758 1965 nos
786 1902 1002 1992 pollicemur,
1032 1902 1074 1966 ad
1105 1903 1165 1970 has

129 2014 276 2060 acroases
290 1991 471 2070 attulerint,
488 1989 523 2056 in
545 2014 634 2080 spem
653 1989 745 2056 illam
767 1991 1026 2080 pulcherrimam
1048 1990 1172 2076 ingre-‚

121 2081 279 2159 diamur,
292 2075 360 2146 fore
375 2092 412 2144 ut
423 2079 568 2146 fructum
580 2081 654 2146 inde
669 2079 873 2162 uberrimum
889 2077 1030 2168 capiant.
1040 2080 1161 2146 Ante·-

129 2192 234 2258 quam
256 2191 333 2236 vero
353 2169 397 2234 ad
415 2191 485 2234 rem
503 2173 605 2260 ipsam
623 2169 851 2256 accingamur,
872 2170 934 2234 tria
955 2167 1161 2256 potissimum

127 2261 293 2328 monenda
320 2258 486 2324 dommus.
511 2259 679 2341 Primum,
697 2269 736 2324 ut
757 2259 919 2325 auditores
940 2257 1004 2322 sint
1024 2257 1160 2340 assidui,

128 2371 237 2437 neque
259 2369 303 2414 ex
327 2347 391 2414 ulla
414 2359 537 2414 temere
557 2349 763 2439 pioelectione
783 2348 899 2413 absint.
920 2347 1045 2412 'sotum
1071 2348 1162 2412 enim

130 2439 197 2506 hoc
214 2438 409 2526 opusculum
426 2461 492 2504 uno
506 2438 607 2504 veluti
619 2437 677 2525 filo
691 2439 851 2520 cohaeret,
869 2438 914 2501 ita
934 2447 991 2516 ut,
1009 2437 1035 2502 si
1050 2439 1162 2525 priora

131 2551 201 2594 non
215 2526 458 2614 intelligantur,
478 2527 674 2616 posteriora,
691 2551 764 2616 quae
782 2527 856 2593 iude
877 2519 1004 2606 fluunt,
1024 2526 1163 2612 intelligi

129 2615 307 2704 nequeant.
324 2618 427 2698 Saue,
448 2637 489 2681 ne
507 2617 579 2702 quis
595 2617 658 2684 hoo
673 2617 733 2686 sibi
756 2617 949 2708 praedictum
969 2627 1084 2702 neget,
1102 2615 1162 2704 qui

129 2706 305 2772 desultoria
328 2728 425 2795 opera
444 2704 480 2772 in
496 2705 613 2774 scholia
631 2706 680 2772 his
697 2704 940 2794 frequentandis
957 2715 1109 2787 utentur,
1134 2705 1161 2774 ii

129 2817 203 2862 non
216 2795 375 2864 doctiores
389 2794 464 2862 iude
484 2795 664 2876 discedent,
684 2819 786 2886 quam
810 2795 835 2862 si
859 2795 924 2861 illis
945 2793 1044 2882 plene
1058 2813 1162 2860 num-

130 2907 235 2974 quam
249 2883 473 2951 interfuissent.
496 2883 672 2965 Alterum,
691 2885 779 2972 quod
792 2905 926 2950 monere
947 2883 1072 2965 visum,
1096 2883 1161 2950 hoe

129 2987 197 3054 est,
216 2986 253 3039 ut
270 2973 432 3040 auditores
451 2995 520 3038 non
540 2972 601 3040 nisi
621 2975 766 3064 Corpore
785 2973 872 3040 luris
893 2972 1042 3039 instructi
1063 2971 1163 3040 adve-

129 3066 237 3130 niant.
249 3066 343 3153 Saepe
353 3063 443 3128 enim
454 3062 642 3129 evolvenda
652 3064 843 3151 eruntleges
854 3071 968 3130 notatu
980 3060 1163 3147 dignioresr
1177 3106 1180 3113 -

131 3165 166 3220 et
183 3164 231 3220 eol
246 3151 310 3220 hoc
323 3153 358 3217 in
373 3151 487 3241 primis
501 3151 580 3218 utile
595 3175 634 3217 ac
648 3149 844 3240 frugiferum
852 3201 862 3235 ,
881 3148 900 3218 J
903 3151 969 3218 uris
983 3150 1164 3218 studiosum

130 3254 264 3310 mature
289 3239 457 3311 adsuefieri
480 3241 665 3308 evolvendis
688 3241 833 3330 legibus,
860 3251 892 3308 et
913 3239 1076 3306 xfarrriliare
1102 3241 1165 3310 sibi

130 3333 268 3400 reddere
278 3331 360 3398 illud
369 3353 450 3420 opus
460 3330 713 3411 lastinianeum‚
723 3333 811 3418 qood
823 3354 890 3398 non
903 3329 1038 3396 minoris
1049 3343 1165 3397 aucto-

129 3423 239 3491 ritatis
249 3433 297 3487 est
306 3423 341 3486 in
353 3419 611 3508 Jurisprudentia
621 3469 631 3502 ‚
643 3443 743 3508 quam
756 3422 791 3486 in
802 3420 982 3508 Theologio
994 3417 1165 3510 Scriptura

132 3513 247 3579 Socra.
260 3510 337 3574 Nou
349 3505 473 3575 facilius
487 3531 565 3575 vero
580 3511 765 3576 tractationi
779 3511 932 3601 Corporis
945 3509 1033 3574 luris
1045 3509 1165 3576 adsue·

130 3599 392 3680 frentdiscentes,
407 3621 507 3686 quam
522 3600 564 3680 si,
573 3599 675 3666 duece
690 3613 907 3689 preceptore,
922 3607 1030 3664 textus
1043 3598 1079 3663 in
1093 3602 1165 3666 col-

130 3689 225 3776 legiis
238 3689 412 3776 diligenter>
422 3687 593 3770 evolvant,
607 3691 800 3780 eosdemque
813 3691 904 3758 domi
917 3698 1067 3778 repetent
1082 3701 1114 3754 et
1128 3691 1165 3756 in

132 3799 269 3845 succum
293 3790 326 3844 et
348 3781 539 3862 sanguinem
560 3789 686 3844 vertere
706 3778 867 3862 studeant.
891 3777 1059 3844 Postremo
1080 3788 1111 3842 et
1133 3781 1168 3848 id
1263 3787 1265 3798 '

1 3909 2 3936 t
131 3890 269 4024 meppeo,
279 3891 346 3949 eos,
361 3869 418 3956 qui
429 3867 470 3934 ad
481 3866 666 3940 solidiorem
680 3868 863 3942 doemon
876 3865 1059 3958 adspirant,
1074 3887 1168 3955 egres
1182 3901 1184 3906 ·
1200 3941 1206 3945 .

206 3975 272 4024 ,tus
296 3975 422 4034 aalma·
