<?xml version="1.0" encoding="UTF-8"?>
<!DOCTYPE html PUBLIC "-//W3C//DTD XHTML 1.0 Transitional//EN"
    "http://www.w3.org/TR/xhtml1/DTD/xhtml1-transitional.dtd">
<html xmlns="http://www.w3.org/1999/xhtml" xml:lang="en" lang="en">
 <head>
  <title>
</title>
<meta http-equiv="Content-Type" content="text/html;charset=utf-8" />
  <meta name='ocr-system' content='tesseract 3.04.00' />
  <meta name='ocr-capabilities' content='ocr_page ocr_carea ocr_par ocr_line ocrx_word'/>
</head>
<body>
  <div class='ocr_page' id='page_1' title='image "./recitationesine00heingoog_0128.png"; bbox 0 0 2646 4496; ppageno 0'>
   <div class='ocr_carea' id='block_1_1' title="bbox 393 255 1101 394">
    <p class='ocr_par' dir='ltr' id='par_1_1' title="bbox 393 255 1101 394">
     <span class='ocr_line' id='line_1_1' title="bbox 393 255 1101 394; baseline 0.003 -20"><span class='ocrx_word' id='word_1_1' title='bbox 393 303 466 376; x_wconf 85' lang='lat' dir='ltr'>nn</span> <span class='ocrx_word' id='word_1_2' title='bbox 491 306 745 378; x_wconf 80' lang='lat' dir='ltr'>uorsus.-</span> <span class='ocrx_word' id='word_1_3' title='bbox 987 255 1101 394; x_wconf 50' lang='grc' dir='ltr'>Ἃρ..</span> 
     </span>
    </p>
   </div>
   <div class='ocr_carea' id='block_1_2' title="bbox 73 411 1083 853">
    <p class='ocr_par' dir='ltr' id='par_1_2' title="bbox 73 411 1083 853">
     <span class='ocr_line' id='line_1_2' title="bbox 80 411 1083 506; baseline 0.001 -28"><span class='ocrx_word' id='word_1_4' title='bbox 80 411 121 478; x_wconf 87' lang='lat' dir='ltr'>ted</span> <span class='ocrx_word' id='word_1_5' title='bbox 131 411 232 502; x_wconf 81' lang='lat' dir='ltr'>spurii.</span> <span class='ocrx_word' id='word_1_6' title='bbox 248 414 321 482; x_wconf 88' lang='lat' dir='ltr'>Imo</span> <span class='ocrx_word' id='word_1_7' title='bbox 333 416 510 505; x_wconf 76' lang='lat' dir='ltr'>aliquando</span> <span class='ocrx_word' id='word_1_8' title='bbox 523 429 555 483; x_wconf 90' lang='lat' dir='ltr'>et</span> <span class='ocrx_word' id='word_1_9' title='bbox 569 439 666 506; x_wconf 89' lang='lat' dir='ltr'>poena</span> <span class='ocrx_word' id='word_1_10' title='bbox 681 414 831 503; x_wconf 79' lang='lat' dir='ltr'>gravior,</span> <span class='ocrx_word' id='word_1_11' title='bbox 845 413 946 482; x_wconf 82' lang='lat' dir='ltr'>veluti</span> <span class='ocrx_word' id='word_1_12' title='bbox 958 415 1083 504; x_wconf 81' lang='lat' dir='ltr'>capita·</span> 
     </span>
     <span class='ocr_line' id='line_1_3' title="bbox 79 501 1082 594; baseline 0.004 -28"><span class='ocrx_word' id='word_1_13' title='bbox 79 501 107 566; x_wconf 89' lang='lat' dir='ltr'>lis</span> <span class='ocrx_word' id='word_1_14' title='bbox 122 502 206 568; x_wconf 79' lang='lat' dir='ltr'>selei</span> <span class='ocrx_word' id='word_1_15' title='bbox 223 503 373 594; x_wconf 83' lang='lat' dir='ltr'>proxima</span> <span class='ocrx_word' id='word_1_16' title='bbox 392 505 488 572; x_wconf 86' lang='lat' dir='ltr'>statui</span> <span class='ocrx_word' id='word_1_17' title='bbox 502 509 538 572; x_wconf 90' lang='lat' dir='ltr'>in</span> <span class='ocrx_word' id='word_1_18' title='bbox 552 505 739 594; x_wconf 85' lang='lat' dir='ltr'>hujusmodi</span> <span class='ocrx_word' id='word_1_19' title='bbox 754 527 905 592; x_wconf 74' lang='lat' dir='ltr'>personas</span> <span class='ocrx_word' id='word_1_20' title='bbox 920 515 1039 594; x_wconf 80' lang='lat' dir='ltr'>potest:</span> <span class='ocrx_word' id='word_1_21' title='bbox 1055 504 1082 570; x_wconf 88' lang='lat' dir='ltr'>si</span> 
     </span>
     <span class='ocr_line' id='line_1_4' title="bbox 77 591 1079 674; baseline 0.005 -22"><span class='ocrx_word' id='word_1_22' title='bbox 77 612 99 653; x_wconf 89' lang='lat' dir='ltr'>e.</span> <span class='ocrx_word' id='word_1_23' title='bbox 110 611 136 674; x_wconf 83' lang='lat' dir='ltr'>g.</span> <span class='ocrx_word' id='word_1_24' title='bbox 150 591 282 658; x_wconf 85' lang='lat' dir='ltr'>incestus</span> <span class='ocrx_word' id='word_1_25' title='bbox 294 595 334 658; x_wconf 88' lang='lat' dir='ltr'>sit</span> <span class='ocrx_word' id='word_1_26' title='bbox 347 597 431 662; x_wconf 89' lang='lat' dir='ltr'>inter</span> <span class='ocrx_word' id='word_1_27' title='bbox 447 595 675 662; x_wconf 68' lang='lat' dir='ltr'>adscendentes</span> <span class='ocrx_word' id='word_1_28' title='bbox 693 605 726 660; x_wconf 89' lang='lat' dir='ltr'>et</span> <span class='ocrx_word' id='word_1_29' title='bbox 743 593 968 662; x_wconf 73' lang='lat' dir='ltr'>descendentes</span> <span class='ocrx_word' id='word_1_30' title='bbox 985 614 1079 658; x_wconf 90' lang='lat' dir='ltr'>com·</span> 
     </span>
     <span class='ocr_line' id='line_1_5' title="bbox 76 677 1080 771; baseline 0.005 -28"><span class='ocrx_word' id='word_1_31' title='bbox 76 677 185 761; x_wconf 69' lang='lat' dir='ltr'>musas,</span> <span class='ocrx_word' id='word_1_32' title='bbox 196 683 246 747; x_wconf 79' lang='lat' dir='ltr'>vel</span> <span class='ocrx_word' id='word_1_33' title='bbox 257 681 342 750; x_wconf 84' lang='lat' dir='ltr'>inter</span> <span class='ocrx_word' id='word_1_34' title='bbox 352 681 486 750; x_wconf 86' lang='lat' dir='ltr'>fratrem</span> <span class='ocrx_word' id='word_1_35' title='bbox 496 695 529 750; x_wconf 90' lang='lat' dir='ltr'>et</span> <span class='ocrx_word' id='word_1_36' title='bbox 537 705 681 750; x_wconf 85' lang='lat' dir='ltr'>sororem</span> <span class='ocrx_word' id='word_1_37' title='bbox 691 707 702 764; x_wconf 64' lang='grc' dir='ltr'><strong>ς</strong></span> <span class='ocrx_word' id='word_1_38' title='bbox 713 684 800 750; x_wconf 90' lang='lat' dir='ltr'>uude</span> <span class='ocrx_word' id='word_1_39' title='bbox 811 683 865 748; x_wconf 91' lang='lat' dir='ltr'>hio</span> <span class='ocrx_word' id='word_1_40' title='bbox 877 683 1080 771; x_wconf 87' lang='lat' dir='ltr'>singulorum</span> 
     </span>
     <span class='ocr_line' id='line_1_6' title="bbox 73 769 770 853; baseline 0.006 -21"><span class='ocrx_word' id='word_1_41' title='bbox 73 769 297 853; x_wconf 74' lang='lat' dir='ltr'>provincia-um</span> <span class='ocrx_word' id='word_1_42' title='bbox 307 783 425 840; x_wconf 87' lang='lat' dir='ltr'>statuta</span> <span class='ocrx_word' id='word_1_43' title='bbox 437 785 513 840; x_wconf 86' lang='lat' dir='ltr'>aunt</span> <span class='ocrx_word' id='word_1_44' title='bbox 527 772 770 840; x_wconf 87' lang='lat' dir='ltr'>consideranda.</span> 
     </span>
    </p>
   </div>
   <div class='ocr_carea' id='block_1_3' title="bbox 360 1045 767 1303">
    <p class='ocr_par' dir='ltr' id='par_1_3' title="bbox 360 1045 767 1303">
     <span class='ocr_line' id='line_1_7' title="bbox 360 1045 767 1146; baseline -0.007 -23"><span class='ocrx_word' id='word_1_45' title='bbox 360 1047 429 1123; x_wconf 86' lang='lat' dir='ltr'>De</span> <span class='ocrx_word' id='word_1_46' title='bbox 445 1045 767 1146; x_wconf 81' lang='lat' dir='ltr'>Legitimotione.</span> 
     </span>
     <span class='ocr_line' id='line_1_8' title="bbox 455 1185 676 1303; baseline -0.023 -19"><span class='ocrx_word' id='word_1_47' title='bbox 455 1217 487 1303; x_wconf 76' lang='grc' dir='ltr'>ς.</span> <span class='ocrx_word' id='word_1_48' title='bbox 516 1185 676 1284; x_wconf 75' lang='lat' dir='ltr'>cnxv.</span> 
     </span>
    </p>
   </div>
   <div class='ocr_carea' id='block_1_4' title="bbox 12 1361 1192 2350">
    <p class='ocr_par' dir='ltr' id='par_1_4' title="bbox 61 1361 1192 2082">
     <span class='ocr_line' id='line_1_9' title="bbox 99 1361 1079 1460; baseline -0.001 -25"><span class='ocrx_word' id='word_1_49' title='bbox 99 1367 193 1436; x_wconf 80' lang='lat' dir='ltr'>Alter</span> <span class='ocrx_word' id='word_1_50' title='bbox 212 1361 339 1436; x_wconf 71' lang='lat' dir='ltr'>»imaus</span> <span class='ocrx_word' id='word_1_51' title='bbox 357 1369 538 1460; x_wconf 71' lang='lat' dir='ltr'>redigendi</span> <span class='ocrx_word' id='word_1_52' title='bbox 550 1369 672 1438; x_wconf 82' lang='lat' dir='ltr'>liberas</span> <span class='ocrx_word' id='word_1_53' title='bbox 691 1369 729 1434; x_wconf 85' lang='lat' dir='ltr'>in</span> <span class='ocrx_word' id='word_1_54' title='bbox 743 1369 904 1456; x_wconf 81' lang='lat' dir='ltr'>patriam</span> <span class='ocrx_word' id='word_1_55' title='bbox 932 1377 1079 1457; x_wconf 84' lang='lat' dir='ltr'>potestn-</span> 
     </span>
     <span class='ocr_line' id='line_1_10' title="bbox 67 1457 1078 1548; baseline 0.002 -26"><span class='ocrx_word' id='word_1_56' title='bbox 67 1466 119 1522; x_wconf 82' lang='lat' dir='ltr'>tem</span> <span class='ocrx_word' id='word_1_57' title='bbox 131 1459 387 1546; x_wconf 84' lang='lat' dir='ltr'>estlegitimotio.</span> <span class='ocrx_word' id='word_1_58' title='bbox 401 1459 465 1525; x_wconf 88' lang='lat' dir='ltr'>Sed</span> <span class='ocrx_word' id='word_1_59' title='bbox 479 1459 519 1526; x_wconf 91' lang='lat' dir='ltr'>de</span> <span class='ocrx_word' id='word_1_60' title='bbox 532 1483 569 1525; x_wconf 90' lang='lat' dir='ltr'>ea</span> <span class='ocrx_word' id='word_1_61' title='bbox 581 1459 678 1548; x_wconf 88' lang='lat' dir='ltr'>plane</span> <span class='ocrx_word' id='word_1_62' title='bbox 684 1469 792 1524; x_wconf 86' lang='lat' dir='ltr'>tacent</span> <span class='ocrx_word' id='word_1_63' title='bbox 807 1457 991 1538; x_wconf 88' lang='lat' dir='ltr'>Pandeotce,</span> <span class='ocrx_word' id='word_1_64' title='bbox 1000 1459 1078 1544; x_wconf 89' lang='lat' dir='ltr'>quia</span> 
     </span>
     <span class='ocr_line' id='line_1_11' title="bbox 65 1545 1078 1636; baseline 0.005 -27"><span class='ocrx_word' id='word_1_65' title='bbox 65 1546 106 1610; x_wconf 91' lang='lat' dir='ltr'>illa</span> <span class='ocrx_word' id='word_1_66' title='bbox 119 1547 250 1614; x_wconf 85' lang='lat' dir='ltr'>inventa</span> <span class='ocrx_word' id='word_1_67' title='bbox 265 1549 400 1614; x_wconf 88' lang='lat' dir='ltr'>demum</span> <span class='ocrx_word' id='word_1_68' title='bbox 421 1571 440 1612; x_wconf 88' lang='lat' dir='ltr'>a</span> <span class='ocrx_word' id='word_1_69' title='bbox 457 1547 671 1616; x_wconf 85' lang='lat' dir='ltr'>Constantino</span> <span class='ocrx_word' id='word_1_70' title='bbox 689 1547 736 1614; x_wconf 82' lang='lat' dir='ltr'>M.</span> <span class='ocrx_word' id='word_1_71' title='bbox 752 1547 896 1636; x_wconf 78' lang='lat' dir='ltr'><strong>adeoque</strong></span> <span class='ocrx_word' id='word_1_72' title='bbox 909 1557 981 1636; x_wconf 89' lang='lat' dir='ltr'>post</span> <span class='ocrx_word' id='word_1_73' title='bbox 997 1545 1078 1614; x_wconf 89' lang='lat' dir='ltr'>illud</span> 
     </span>
     <span class='ocr_line' id='line_1_12' title="bbox 65 1635 1078 1726; baseline 0.005 -29"><span class='ocrx_word' id='word_1_74' title='bbox 65 1644 194 1724; x_wconf 87' lang='lat' dir='ltr'>tempus,</span> <span class='ocrx_word' id='word_1_75' title='bbox 220 1657 288 1726; x_wconf 90' lang='lat' dir='ltr'>quo</span> <span class='ocrx_word' id='word_1_76' title='bbox 303 1635 529 1703; x_wconf 78' lang='lat' dir='ltr'>iurisconsulti</span> <span class='ocrx_word' id='word_1_77' title='bbox 545 1635 721 1716; x_wconf 78' lang='lat' dir='ltr'>vixerunt,</span> <span class='ocrx_word' id='word_1_78' title='bbox 735 1657 778 1703; x_wconf 87' lang='lat' dir='ltr'>ex</span> <span class='ocrx_word' id='word_1_79' title='bbox 797 1659 940 1726; x_wconf 88' lang='lat' dir='ltr'>quorum</span> <span class='ocrx_word' id='word_1_80' title='bbox 952 1635 1013 1702; x_wconf 84' lang='lat' dir='ltr'>scri</span> <span class='ocrx_word' id='word_1_81' title='bbox 1039 1635 1078 1702; x_wconf 87' lang='lat' dir='ltr'>tis</span> 
     </span>
     <span class='ocr_line' id='line_1_13' title="bbox 66 1660 1078 1816; baseline 0.004 -30"><span class='ocrx_word' id='word_1_82' title='bbox 66 1723 221 1792; x_wconf 81' lang='lat' dir='ltr'>Pandectae</span> <span class='ocrx_word' id='word_1_83' title='bbox 231 1733 306 1791; x_wconf 87' lang='lat' dir='ltr'>eunt</span> <span class='ocrx_word' id='word_1_84' title='bbox 316 1737 443 1792; x_wconf 87' lang='lat' dir='ltr'>sumtae.</span> <span class='ocrx_word' id='word_1_85' title='bbox 457 1727 629 1812; x_wconf 90' lang='lat' dir='ltr'>Objiciunt</span> <span class='ocrx_word' id='word_1_86' title='bbox 642 1725 793 1814; x_wconf 76' lang='lat' dir='ltr'>equidem</span> <span class='ocrx_word' id='word_1_87' title='bbox 805 1725 861 1792; x_wconf 91' lang='lat' dir='ltr'>alii</span> <span class='ocrx_word' id='word_1_88' title='bbox 873 1725 896 1790; x_wconf 81' lang='lat' dir='ltr'>i.</span> <span class='ocrx_word' id='word_1_89' title='bbox 912 1660 1078 1816; x_wconf 49' lang='lat' dir='ltr'>ultffids</span> 
     </span>
     <span class='ocr_line' id='line_1_14' title="bbox 64 1813 1079 1906; baseline 0.002 -31"><span class='ocrx_word' id='word_1_90' title='bbox 64 1814 162 1899; x_wconf 83' lang='lat' dir='ltr'>adopt.</span> <span class='ocrx_word' id='word_1_91' title='bbox 174 1827 210 1880; x_wconf 79' lang='lat' dir='ltr'>et</span> <span class='ocrx_word' id='word_1_92' title='bbox 223 1815 245 1880; x_wconf 85' lang='lat' dir='ltr'>l.</span> <span class='ocrx_word' id='word_1_93' title='bbox 262 1821 286 1882; x_wconf 80' lang='lat'><em>5</em></span> <span class='ocrx_word' id='word_1_94' title='bbox 284 1835 330 1906; x_wconf 83' lang='lat'>7,</span> <span class='ocrx_word' id='word_1_95' title='bbox 336 1814 384 1906; x_wconf 88' lang='lat' dir='ltr'><em>ff</em></span> <span class='ocrx_word' id='word_1_96' title='bbox 398 1815 438 1881; x_wconf 83' lang='lat' dir='ltr'>dc</span> <span class='ocrx_word' id='word_1_97' title='bbox 454 1815 523 1880; x_wconf 75' lang='lat' dir='ltr'>ritu</span> <span class='ocrx_word' id='word_1_98' title='bbox 537 1827 636 1904; x_wconf 83' lang='lat' dir='ltr'>nupt.</span> <span class='ocrx_word' id='word_1_99' title='bbox 659 1813 833 1902; x_wconf 87' lang='lat' dir='ltr'>exquibus</span> <span class='ocrx_word' id='word_1_100' title='bbox 850 1825 997 1880; x_wconf 74' lang='lat' dir='ltr'>constare</span> <span class='ocrx_word' id='word_1_101' title='bbox 1012 1835 1079 1902; x_wconf 82' lang='lat' dir='ltr'>pu·</span> 
     </span>
     <span class='ocr_line' id='line_1_15' title="bbox 63 1899 1192 1992; baseline 0.002 -28"><span class='ocrx_word' id='word_1_102' title='bbox 63 1909 144 1984; x_wconf 60' lang='lat' dir='ltr'>tant,</span> <span class='ocrx_word' id='word_1_103' title='bbox 157 1905 258 1970; x_wconf 87' lang='lat' dir='ltr'>etiam</span> <span class='ocrx_word' id='word_1_104' title='bbox 278 1913 353 1970; x_wconf 87' lang='lat' dir='ltr'>ante</span> <span class='ocrx_word' id='word_1_105' title='bbox 370 1903 537 1970; x_wconf 79' lang='lat' dir='ltr'>Constant.</span> <span class='ocrx_word' id='word_1_106' title='bbox 560 1905 610 1970; x_wconf 90' lang='grc' dir='ltr'>Μ.</span> <span class='ocrx_word' id='word_1_107' title='bbox 635 1903 903 1991; x_wconf 88' lang='lat' dir='ltr'>legitimationem</span> <span class='ocrx_word' id='word_1_108' title='bbox 926 1899 1019 1967; x_wconf 79' lang='lat' dir='ltr'>fuisse</span> <span class='ocrx_word' id='word_1_109' title='bbox 1040 1901 1078 1967; x_wconf 89' lang='lat' dir='ltr'>in</span> <span class='ocrx_word' id='word_1_110' title='bbox 1166 1931 1192 1992; x_wconf 25' lang='lat'>&#39;-</span> 
     </span>
     <span class='ocr_line' id='line_1_16' title="bbox 61 1989 1077 2082; baseline 0.004 -32"><span class='ocrx_word' id='word_1_111' title='bbox 61 2008 119 2055; x_wconf 82' lang='lat' dir='ltr'>usu.</span> <span class='ocrx_word' id='word_1_112' title='bbox 132 1992 195 2058; x_wconf 88' lang='lat' dir='ltr'>Sed</span> <span class='ocrx_word' id='word_1_113' title='bbox 211 2015 293 2082; x_wconf 86' lang='lat' dir='ltr'>resp.</span> <span class='ocrx_word' id='word_1_114' title='bbox 311 1993 334 2058; x_wconf 82' lang='lat' dir='ltr'>l.</span> <span class='ocrx_word' id='word_1_115' title='bbox 350 1989 463 2082; x_wconf 75' lang='lat' dir='ltr'>ultffi</span> <span class='ocrx_word' id='word_1_116' title='bbox 484 1991 650 2080; x_wconf 80' lang='lat' dir='ltr'>cleodopt.</span> <span class='ocrx_word' id='word_1_117' title='bbox 670 2014 730 2058; x_wconf 86' lang='lat' dir='ltr'>eeu</span> <span class='ocrx_word' id='word_1_118' title='bbox 743 2013 787 2058; x_wconf 87' lang='lat' dir='ltr'>ex</span> <span class='ocrx_word' id='word_1_119' title='bbox 807 1991 953 2058; x_wconf 82' lang='lat' dir='ltr'>Robrica</span> <span class='ocrx_word' id='word_1_120' title='bbox 965 2001 1077 2080; x_wconf 85' lang='lat' dir='ltr'>potet,</span> 
     </span>
    </p>

    <p class='ocr_par' dir='ltr' id='par_1_5' title="bbox 12 2080 1078 2350">
     <span class='ocr_line' id='line_1_17' title="bbox 12 2080 1077 2172; baseline -0.004 -24"><span class='ocrx_word' id='word_1_121' title='bbox 12 2119 15 2148; x_wconf 76' lang='grc'><strong><em>;</em></strong></span> <span class='ocrx_word' id='word_1_122' title='bbox 60 2097 115 2144; x_wconf 88' lang='lat' dir='ltr'>non</span> <span class='ocrx_word' id='word_1_123' title='bbox 122 2103 217 2168; x_wconf 82' lang='lat' dir='ltr'>agere</span> <span class='ocrx_word' id='word_1_124' title='bbox 224 2082 264 2149; x_wconf 91' lang='lat' dir='ltr'>de</span> <span class='ocrx_word' id='word_1_125' title='bbox 277 2081 589 2168; x_wconf 86' lang='lat' dir='ltr'>legitimationa,sed</span> <span class='ocrx_word' id='word_1_126' title='bbox 598 2082 638 2147; x_wconf 89' lang='lat' dir='ltr'>de</span> <span class='ocrx_word' id='word_1_127' title='bbox 647 2081 821 2172; x_wconf 79' lang='lat' dir='ltr'>adoptione</span> <span class='ocrx_word' id='word_1_128' title='bbox 834 2107 843 2144; x_wconf 76' lang='lat' dir='ltr'>s</span> <span class='ocrx_word' id='word_1_129' title='bbox 856 2080 879 2146; x_wconf 83' lang='lat' dir='ltr'>l.</span> <span class='ocrx_word' id='word_1_130' title='bbox 889 2085 953 2164; x_wconf 80' lang='lat'>57,</span> <span class='ocrx_word' id='word_1_131' title='bbox 964 2091 1077 2145; x_wconf 87' lang='lat' dir='ltr'>autem</span> 
     </span>
     <span class='ocr_line' id='line_1_18' title="bbox 60 2167 1078 2261; baseline 0.003 -30"><span class='ocrx_word' id='word_1_132' title='bbox 60 2176 173 2236; x_wconf 86' lang='lat' dir='ltr'>tantum</span> <span class='ocrx_word' id='word_1_133' title='bbox 193 2169 471 2259; x_wconf 84' lang='lat' dir='ltr'>comprehendere</span> <span class='ocrx_word' id='word_1_134' title='bbox 493 2170 703 2260; x_wconf 83' lang='lat' dir='ltr'>privilegium</span> <span class='ocrx_word' id='word_1_135' title='bbox 727 2169 890 2261; x_wconf 84' lang='lat' dir='ltr'>speciale,</span> <span class='ocrx_word' id='word_1_136' title='bbox 920 2167 1009 2258; x_wconf 87' lang='lat' dir='ltr'>quod</span> <span class='ocrx_word' id='word_1_137' title='bbox 1035 2167 1078 2235; x_wconf 89' lang='lat' dir='ltr'>ad</span> 
     </span>
     <span class='ocr_line' id='line_1_19' title="bbox 59 2259 517 2350; baseline 0.013 -30"><span class='ocrx_word' id='word_1_138' title='bbox 59 2261 237 2350; x_wconf 81' lang='lat' dir='ltr'>exemplum</span> <span class='ocrx_word' id='word_1_139' title='bbox 251 2259 337 2326; x_wconf 87' lang='lat' dir='ltr'>trahi</span> <span class='ocrx_word' id='word_1_140' title='bbox 347 2282 414 2325; x_wconf 91' lang='lat' dir='ltr'>non</span> <span class='ocrx_word' id='word_1_141' title='bbox 426 2260 517 2326; x_wconf 84' lang='lat' dir='ltr'>solet.</span> 
     </span>
    </p>
   </div>
   <div class='ocr_carea' id='block_1_5' title="bbox 56 2387 1113 2550">
    <p class='ocr_par' dir='ltr' id='par_1_6' title="bbox 56 2387 1113 2550">
     <span class='ocr_line' id='line_1_20' title="bbox 89 2387 1113 2473; baseline 0.003 -30"><span class='ocrx_word' id='word_1_142' title='bbox 89 2387 129 2446; x_wconf 84' lang='lat' dir='ltr'>De</span> <span class='ocrx_word' id='word_1_143' title='bbox 143 2389 261 2466; x_wconf 79' lang='lat' dir='ltr'>origine</span> <span class='ocrx_word' id='word_1_144' title='bbox 275 2399 306 2447; x_wconf 86' lang='lat' dir='ltr'>st</span> <span class='ocrx_word' id='word_1_145' title='bbox 322 2407 484 2466; x_wconf 83' lang='lat' dir='ltr'>progressu</span> <span class='ocrx_word' id='word_1_146' title='bbox 500 2389 738 2468; x_wconf 74' lang='lat' dir='ltr'>legitimationis,</span> <span class='ocrx_word' id='word_1_147' title='bbox 759 2387 828 2447; x_wconf 74' lang='lat' dir='ltr'>vide</span> <span class='ocrx_word' id='word_1_148' title='bbox 848 2389 1077 2460; x_wconf 64' lang='lat' dir='ltr'>sanamus,</span> <span class='ocrx_word' id='word_1_149' title='bbox 1105 2462 1113 2473; x_wconf 30' lang='lat' dir='ltr'><em>l</em></span> 
     </span>
     <span class='ocr_line' id='line_1_21' title="bbox 56 2469 782 2550; baseline 0.006 -24"><span class='ocrx_word' id='word_1_150' title='bbox 56 2469 236 2530; x_wconf 67' lang='lat' dir='ltr'>Dttsenation</span> <span class='ocrx_word' id='word_1_151' title='bbox 246 2475 349 2529; x_wconf 67' lang='lat' dir='ltr'>surlet</span> <span class='ocrx_word' id='word_1_152' title='bbox 359 2471 490 2529; x_wconf 79' lang='lat' dir='ltr'>Bdtords</span> <span class='ocrx_word' id='word_1_153' title='bbox 499 2511 510 2542; x_wconf 91' lang='lat'><em>,</em></span> <span class='ocrx_word' id='word_1_154' title='bbox 531 2486 646 2549; x_wconf 79' lang='lat' dir='ltr'>tom.7‚</span> <span class='ocrx_word' id='word_1_155' title='bbox 659 2491 697 2550; x_wconf 83' lang='lat' dir='ltr'>p.</span> <span class='ocrx_word' id='word_1_156' title='bbox 713 2469 782 2530; x_wconf 70' lang='lat'>381.</span> 
     </span>
    </p>
   </div>
   <div class='ocr_carea' id='block_1_6' title="bbox 407 2585 687 2684">
    <p class='ocr_par' dir='ltr' id='par_1_7' title="bbox 407 2585 687 2684">
     <span class='ocr_line' id='line_1_22' title="bbox 407 2585 687 2684; baseline 0.004 -31"><span class='ocrx_word' id='word_1_157' title='bbox 407 2585 687 2684; x_wconf 67' lang='lat' dir='ltr'>⁴§.onxvn</span> 
     </span>
    </p>
   </div>
   <div class='ocr_carea' id='block_1_7' title="bbox 90 2699 1304 2808">
    <p class='ocr_par' dir='ltr' id='par_1_8' title="bbox 90 2699 1304 2808">
     <span class='ocr_line' id='line_1_23' title="bbox 90 2699 1304 2808; baseline -0.002 -22"><span class='ocrx_word' id='word_1_158' title='bbox 90 2717 243 2786; x_wconf 82' lang='lat' dir='ltr'>Definitio</span> <span class='ocrx_word' id='word_1_159' title='bbox 256 2717 499 2804; x_wconf 78' lang='lat' dir='ltr'>legitimationis</span> <span class='ocrx_word' id='word_1_160' title='bbox 512 2719 576 2784; x_wconf 89' lang='lat' dir='ltr'>hoo</span> <span class='ocrx_word' id='word_1_161' title='bbox 599 2719 631 2804; x_wconf 63' lang='grc' dir='ltr'>ς.</span> <span class='ocrx_word' id='word_1_162' title='bbox 654 2718 773 2784; x_wconf 88' lang='lat' dir='ltr'>tradita</span> <span class='ocrx_word' id='word_1_163' title='bbox 796 2741 856 2808; x_wconf 84' lang='lat' dir='ltr'>per</span> <span class='ocrx_word' id='word_1_164' title='bbox 878 2729 987 2808; x_wconf 85' lang='lat' dir='ltr'>partas</span> <span class='ocrx_word' id='word_1_165' title='bbox 1011 2717 1074 2784; x_wconf 86' lang='lat' dir='ltr'>erit</span> <span class='ocrx_word' id='word_1_166' title='bbox 1204 2711 1208 2720; x_wconf 86' lang='grc'><strong>’</strong></span> <span class='ocrx_word' id='word_1_167' title='bbox 1303 2699 1304 2707; x_wconf 29' lang='lat'>¹</span> 
     </span>
    </p>
   </div>
   <div class='ocr_carea' id='block_1_8' title="bbox 45 2807 1116 3966">
    <p class='ocr_par' dir='ltr' id='par_1_9' title="bbox 45 2807 1116 3966">
     <span class='ocr_line' id='line_1_24' title="bbox 52 2807 1073 2896; baseline -0.004 -22"><span class='ocrx_word' id='word_1_168' title='bbox 52 2809 267 2896; x_wconf 81' lang='lat' dir='ltr'>expendendo.</span> <span class='ocrx_word' id='word_1_169' title='bbox 281 2807 337 2872; x_wconf 82' lang='lat' dir='ltr'>Est</span> <span class='ocrx_word' id='word_1_170' title='bbox 345 2827 423 2894; x_wconf 89' lang='lat' dir='ltr'>ergo</span> <span class='ocrx_word' id='word_1_171' title='bbox 434 2807 625 2896; x_wconf 87' lang='lat' dir='ltr'>legitimatio</span> <span class='ocrx_word' id='word_1_172' title='bbox 638 2817 746 2882; x_wconf 58' lang='lat' dir='ltr'>actuo.</span> <span class='ocrx_word' id='word_1_173' title='bbox 758 2808 861 2890; x_wconf 88' lang='lat' dir='ltr'>Sunt,</span> <span class='ocrx_word' id='word_1_174' title='bbox 874 2807 932 2896; x_wconf 93' lang='lat' dir='ltr'>qui</span> <span class='ocrx_word' id='word_1_175' title='bbox 943 2807 1073 2888; x_wconf 87' lang='lat' dir='ltr'>dicunt,</span> 
     </span>
     <span class='ocr_line' id='line_1_25' title="bbox 51 2895 1074 2984; baseline -0.002 -22"><span class='ocrx_word' id='word_1_176' title='bbox 51 2916 105 2962; x_wconf 84' lang='lat' dir='ltr'>esse</span> <span class='ocrx_word' id='word_1_177' title='bbox 117 2909 229 2963; x_wconf 84' lang='lat' dir='ltr'>actum</span> <span class='ocrx_word' id='word_1_178' title='bbox 245 2895 427 2982; x_wconf 83' lang='lat' dir='ltr'>legitimum</span> <span class='ocrx_word' id='word_1_179' title='bbox 442 2896 496 2983; x_wconf 68' lang='grc' dir='ltr'>(ς.</span> <span class='ocrx_word' id='word_1_180' title='bbox 511 2917 562 2983; x_wconf 84' lang='lat'>70·</span> <span class='ocrx_word' id='word_1_181' title='bbox 573 2895 600 2983; x_wconf 86' lang='lat'><em>)</em></span> <span class='ocrx_word' id='word_1_182' title='bbox 622 2895 687 2962; x_wconf 89' lang='lat' dir='ltr'>Sed</span> <span class='ocrx_word' id='word_1_183' title='bbox 708 2897 743 2961; x_wconf 87' lang='lat' dir='ltr'>hi</span> <span class='ocrx_word' id='word_1_184' title='bbox 763 2897 890 2984; x_wconf 82' lang='lat' dir='ltr'>egregie</span> <span class='ocrx_word' id='word_1_185' title='bbox 904 2895 1074 2961; x_wconf 84' lang='lat' dir='ltr'>falluntur.</span> 
     </span>
     <span class='ocr_line' id='line_1_26' title="bbox 51 2981 1076 3072; baseline 0.003 -27"><span class='ocrx_word' id='word_1_186' title='bbox 51 2981 132 3050; x_wconf 89' lang='lat' dir='ltr'>Nam</span> <span class='ocrx_word' id='word_1_187' title='bbox 160 2993 205 3052; x_wconf 62' lang='grc' dir='ltr'>ι’.</span> <span class='ocrx_word' id='word_1_188' title='bbox 234 2996 325 3050; x_wconf 83' lang='lat' dir='ltr'>actus</span> <span class='ocrx_word' id='word_1_189' title='bbox 352 2984 489 3072; x_wconf 85' lang='lat' dir='ltr'>legitimi</span> <span class='ocrx_word' id='word_1_190' title='bbox 514 2983 690 3071; x_wconf 82' lang='lat' dir='ltr'>excogitati</span> <span class='ocrx_word' id='word_1_191' title='bbox 715 2985 829 3050; x_wconf 73' lang='lat' dir='ltr'>suntsi</span> <span class='ocrx_word' id='word_1_192' title='bbox 854 2985 1076 3059; x_wconf 80' lang='lat' dir='ltr'>Jurisconsul-</span> 
     </span>
     <span class='ocr_line' id='line_1_27' title="bbox 51 3071 1074 3176; baseline 0.003 -40"><span class='ocrx_word' id='word_1_193' title='bbox 51 3073 85 3138; x_wconf 88' lang='lat' dir='ltr'>tis</span> <span class='ocrx_word' id='word_1_194' title='bbox 100 3095 143 3140; x_wconf 84' lang='lat' dir='ltr'>ex</span> <span class='ocrx_word' id='word_1_195' title='bbox 156 3075 240 3140; x_wconf 87' lang='lat' dir='ltr'><strong>XII.</strong></span> <span class='ocrx_word' id='word_1_196' title='bbox 256 3073 340 3140; x_wconf 68' lang='grc' dir='ltr'><strong>Ταῦ.</strong></span> <span class='ocrx_word' id='word_1_197' title='bbox 360 3072 383 3140; x_wconf 78' lang='grc' dir='ltr'>Ι.</span> <span class='ocrx_word' id='word_1_198' title='bbox 401 3073 491 3158; x_wconf 76' lang='lat'>2‚§,</span> <span class='ocrx_word' id='word_1_199' title='bbox 504 3074 545 3152; x_wconf 83' lang='lat'>6,</span> <span class='ocrx_word' id='word_1_200' title='bbox 557 3071 605 3176; x_wconf 79' lang='lat' dir='ltr'><em>ff</em></span> <span class='ocrx_word' id='word_1_201' title='bbox 623 3075 666 3140; x_wconf 82' lang='lat' dir='ltr'>de</span> <span class='ocrx_word' id='word_1_202' title='bbox 689 3072 789 3162; x_wconf 84' lang='lat' dir='ltr'>Orig.</span> <span class='ocrx_word' id='word_1_203' title='bbox 802 3075 882 3138; x_wconf 85' lang='lat' dir='ltr'>Jur.</span> <span class='ocrx_word' id='word_1_204' title='bbox 901 3076 950 3138; x_wconf 86' lang='lat' dir='ltr'>At</span> <span class='ocrx_word' id='word_1_205' title='bbox 967 3073 1074 3162; x_wconf 53' lang='lat' dir='ltr'>tegito</span> 
     </span>
     <span class='ocr_line' id='line_1_28' title="bbox 50 3159 1075 3231; baseline 0.002 -5"><span class='ocrx_word' id='word_1_206' title='bbox 50 3164 143 3230; x_wconf 88' lang='lat' dir='ltr'>matio</span> <span class='ocrx_word' id='word_1_207' title='bbox 177 3185 238 3229; x_wconf 86' lang='lat' dir='ltr'>nec</span> <span class='ocrx_word' id='word_1_208' title='bbox 275 3159 316 3228; x_wconf 89' lang='lat' dir='ltr'>ab</span> <span class='ocrx_word' id='word_1_209' title='bbox 352 3160 593 3228; x_wconf 73' lang='lat' dir='ltr'>iurisconsultn</span> <span class='ocrx_word' id='word_1_210' title='bbox 622 3184 685 3228; x_wconf 87' lang='lat' dir='ltr'>neo</span> <span class='ocrx_word' id='word_1_211' title='bbox 716 3183 758 3226; x_wconf 80' lang='lat' dir='ltr'>ex</span> <span class='ocrx_word' id='word_1_212' title='bbox 792 3163 864 3228; x_wconf 84' lang='grc' dir='ltr'>ΧΠ</span> <span class='ocrx_word' id='word_1_213' title='bbox 904 3161 989 3228; x_wconf 87' lang='lat' dir='ltr'>Tob.</span> <span class='ocrx_word' id='word_1_214' title='bbox 1015 3175 1075 3231; x_wconf 87' lang='lat' dir='ltr'>est.</span> 
     </span>
     <span class='ocr_line' id='line_1_29' title="bbox 51 3248 1075 3344; baseline 0.006 -30"><span class='ocrx_word' id='word_1_215' title='bbox 51 3259 92 3316; x_wconf 78' lang='lat'>2⁰.</span> <span class='ocrx_word' id='word_1_216' title='bbox 104 3253 210 3318; x_wconf 84' lang='lat' dir='ltr'>Actus</span> <span class='ocrx_word' id='word_1_217' title='bbox 220 3249 356 3344; x_wconf 79' lang='lat' dir='ltr'>legitimi</span> <span class='ocrx_word' id='word_1_218' title='bbox 369 3248 454 3316; x_wconf 87' lang='lat' dir='ltr'>liunt</span> <span class='ocrx_word' id='word_1_219' title='bbox 466 3249 663 3320; x_wconf 84' lang='lat' dir='ltr'>sollemniter</span> <span class='ocrx_word' id='word_1_220' title='bbox 674 3275 682 3314; x_wconf 88' lang='lat'><em>=</em></span> <span class='ocrx_word' id='word_1_221' title='bbox 695 3261 729 3316; x_wconf 88' lang='lat' dir='ltr'>at</span> <span class='ocrx_word' id='word_1_222' title='bbox 739 3250 929 3338; x_wconf 89' lang='lat' dir='ltr'>legitimatio</span> <span class='ocrx_word' id='word_1_223' title='bbox 943 3252 1075 3320; x_wconf 81' lang='lat' dir='ltr'>sollem-</span> 
     </span>
     <span class='ocr_line' id='line_1_30' title="bbox 49 3337 1073 3430; baseline 0.005 -27"><span class='ocrx_word' id='word_1_224' title='bbox 49 3339 177 3408; x_wconf 75' lang='lat' dir='ltr'>nitatem</span> <span class='ocrx_word' id='word_1_225' title='bbox 196 3341 293 3430; x_wconf 91' lang='lat' dir='ltr'>plane</span> <span class='ocrx_word' id='word_1_226' title='bbox 313 3339 439 3406; x_wconf 89' lang='lat' dir='ltr'>nullam</span> <span class='ocrx_word' id='word_1_227' title='bbox 458 3339 570 3427; x_wconf 88' lang='lat' dir='ltr'>exigit.</span> <span class='ocrx_word' id='word_1_228' title='bbox 587 3337 715 3406; x_wconf 88' lang='lat' dir='ltr'>Sufficit</span> <span class='ocrx_word' id='word_1_229' title='bbox 736 3363 835 3427; x_wconf 85' lang='lat' dir='ltr'>ergo,</span> <span class='ocrx_word' id='word_1_230' title='bbox 852 3339 878 3405; x_wconf 88' lang='lat' dir='ltr'>si</span> <span class='ocrx_word' id='word_1_231' title='bbox 899 3340 1073 3423; x_wconf 87' lang='lat' dir='ltr'>dicamus,</span> 
     </span>
     <span class='ocr_line' id='line_1_31' title="bbox 48 3423 1074 3518; baseline 0.005 -26"><span class='ocrx_word' id='word_1_232' title='bbox 48 3423 74 3492; x_wconf 88' lang='lat' dir='ltr'>le</span> <span class='ocrx_word' id='word_1_233' title='bbox 97 3429 309 3496; x_wconf 73' lang='lat' dir='ltr'>limationem</span> <span class='ocrx_word' id='word_1_234' title='bbox 331 3449 396 3496; x_wconf 84' lang='lat' dir='ltr'>esse</span> <span class='ocrx_word' id='word_1_235' title='bbox 419 3429 867 3518; x_wconf 70' lang='lat' dir='ltr'>actum.,Estpor1·osctus,</span> <span class='ocrx_word' id='word_1_236' title='bbox 886 3453 954 3517; x_wconf 79' lang='lat' dir='ltr'>quc</span> <span class='ocrx_word' id='word_1_237' title='bbox 972 3430 1074 3498; x_wconf 77' lang='lat' dir='ltr'>liberi</span> 
     </span>
     <span class='ocr_line' id='line_1_32' title="bbox 48 3451 1072 3611; baseline 0.002 -27"><span class='ocrx_word' id='word_1_238' title='bbox 48 3451 410 3606; x_wconf 62' lang='lat' dir='ltr'>itdgttimiflngansur</span> <span class='ocrx_word' id='word_1_239' title='bbox 423 3519 567 3611; x_wconf 77' lang='lat' dir='ltr'>exjusto</span> <span class='ocrx_word' id='word_1_240' title='bbox 589 3519 810 3586; x_wconf 79' lang='lat' dir='ltr'>matrimonio</span> <span class='ocrx_word' id='word_1_241' title='bbox 832 3519 917 3586; x_wconf 80' lang='lat' dir='ltr'>nati.</span> <span class='ocrx_word' id='word_1_242' title='bbox 937 3520 1072 3586; x_wconf 76' lang='lat' dir='ltr'>Fundo-</span> 
     </span>
     <span class='ocr_line' id='line_1_33' title="bbox 47 3606 1073 3696; baseline 0.006 -26"><span class='ocrx_word' id='word_1_243' title='bbox 47 3619 189 3672; x_wconf 87' lang='lat' dir='ltr'>mentum</span> <span class='ocrx_word' id='word_1_244' title='bbox 208 3608 297 3674; x_wconf 91' lang='lat' dir='ltr'>enim</span> <span class='ocrx_word' id='word_1_245' title='bbox 325 3606 567 3693; x_wconf 86' lang='lat' dir='ltr'>legitimationis</span> <span class='ocrx_word' id='word_1_246' title='bbox 580 3619 627 3672; x_wconf 86' lang='lat' dir='ltr'>est</span> <span class='ocrx_word' id='word_1_247' title='bbox 640 3606 740 3674; x_wconf 86' lang='lat' dir='ltr'>fictio·</span> <span class='ocrx_word' id='word_1_248' title='bbox 756 3608 869 3696; x_wconf 89' lang='lat' dir='ltr'>Fingit</span> <span class='ocrx_word' id='word_1_249' title='bbox 886 3608 941 3674; x_wconf 85' lang='lat' dir='ltr'>lex</span> <span class='ocrx_word' id='word_1_250' title='bbox 952 3629 1009 3676; x_wconf 82' lang='lat' dir='ltr'>eos</span> <span class='ocrx_word' id='word_1_251' title='bbox 1028 3613 1073 3676; x_wconf 81' lang='lat' dir='ltr'>ax</span> 
     </span>
     <span class='ocr_line' id='line_1_34' title="bbox 45 3691 1071 3782; baseline 0.006 -22"><span class='ocrx_word' id='word_1_252' title='bbox 45 3691 124 3778; x_wconf 85' lang='lat' dir='ltr'>justo</span> <span class='ocrx_word' id='word_1_253' title='bbox 147 3695 359 3761; x_wconf 89' lang='lat' dir='ltr'>matrimonio</span> <span class='ocrx_word' id='word_1_254' title='bbox 378 3705 496 3776; x_wconf 84' lang='lat' dir='ltr'>notos,</span> <span class='ocrx_word' id='word_1_255' title='bbox 522 3695 580 3782; x_wconf 83' lang='lat' dir='ltr'>qui</span> <span class='ocrx_word' id='word_1_256' title='bbox 604 3705 679 3761; x_wconf 88' lang='lat' dir='ltr'>sunt</span> <span class='ocrx_word' id='word_1_257' title='bbox 702 3707 797 3762; x_wconf 78' lang='lat' dir='ltr'>extra</span> <span class='ocrx_word' id='word_1_258' title='bbox 819 3697 1071 3766; x_wconf 83' lang='lat' dir='ltr'>matrimonium</span> 
     </span>
     <span class='ocr_line' id='line_1_35' title="bbox 48 3783 1064 3874; baseline 0.008 -30"><span class='ocrx_word' id='word_1_259' title='bbox 48 3784 120 3850; x_wconf 85' lang='lat' dir='ltr'>uati.</span> <span class='ocrx_word' id='word_1_260' title='bbox 137 3785 233 3851; x_wconf 82' lang='lat' dir='ltr'>Tales</span> <span class='ocrx_word' id='word_1_261' title='bbox 244 3783 388 3850; x_wconf 84' lang='lat' dir='ltr'>fictiones</span> <span class='ocrx_word' id='word_1_262' title='bbox 401 3783 522 3870; x_wconf 87' lang='lat' dir='ltr'>injure</span> <span class='ocrx_word' id='word_1_263' title='bbox 534 3794 726 3870; x_wconf 75' lang='lat' dir='ltr'>suntquam</span> <span class='ocrx_word' id='word_1_264' title='bbox 740 3785 970 3874; x_wconf 69' lang='lat' dir='ltr'>plommensis</span> <span class='ocrx_word' id='word_1_265' title='bbox 984 3808 1012 3850; x_wconf 88' lang='lat' dir='ltr'>e.</span> <span class='ocrx_word' id='word_1_266' title='bbox 1030 3809 1064 3872; x_wconf 81' lang='lat' dir='ltr'>g.</span> 
     </span>
     <span class='ocr_line' id='line_1_36' title="bbox 47 3865 1116 3966; baseline 0.004 -28"><span class='ocrx_word' id='word_1_267' title='bbox 47 3865 161 3964; x_wconf 84' lang='lat' dir='ltr'>injure</span> <span class='ocrx_word' id='word_1_268' title='bbox 177 3869 373 3943; x_wconf 87' lang='lat' dir='ltr'>Postlimiaii</span> <span class='ocrx_word' id='word_1_269' title='bbox 388 3871 525 3962; x_wconf 82' lang='lat' dir='ltr'>lingitur</span> <span class='ocrx_word' id='word_1_270' title='bbox 536 3870 786 3964; x_wconf 75' lang='lat' dir='ltr'>illemnnqunm</span> <span class='ocrx_word' id='word_1_271' title='bbox 797 3873 946 3966; x_wconf 82' lang='lat' dir='ltr'>captivus</span> <span class='ocrx_word' id='word_1_272' title='bbox 956 3871 1069 3962; x_wconf 67' lang='lat' dir='ltr'>latine,</span> <span class='ocrx_word' id='word_1_273' title='bbox 1114 3893 1116 3899; x_wconf 57' lang='lat'><strong><em>⁴</em></strong></span> 
     </span>
    </p>
   </div>
   <div class='ocr_carea' id='block_1_9' title="bbox 0 0 1328 4496">
    <p class='ocr_par' dir='ltr' id='par_1_10' title="bbox 0 0 1328 4496">
     <span class='ocr_line' id='line_1_37' title="bbox 0 0 1328 4496; baseline 0 5"><span class='ocrx_word' id='word_1_274' title='bbox 0 0 1328 4496; x_wconf 95' lang='lat' dir='ltr'> </span> 
     </span>
    </p>
   </div>
  </div>
 </body>
</html>
