2644 4504
256 265 323 334 504
507 273 680 343 LIBER
702 276 739 357 Ι,
763 273 874 344 TIT.
896 277 1036 346 XXV.

253 382 471 484 plectomenes
482 407 602 468 senex,
615 386 852 474 interrogatus,
865 410 927 454 cur
940 409 1077 454 morem
1092 407 1154 452 non
1168 385 1253 450 dme-
1305 447 1306 454 ,

252 480 316 553 ul,
335 475 530 562 respondet:

446 628 561 682 Verum
573 646 667 702 egone
682 647 748 684 eam
757 627 866 686 ducam
877 627 1022 684 domum?
1305 695 1306 706 χ

254 712 334 784 Qum
347 704 420 760 mibi
431 693 598 782 numquim
610 710 667 766 hoc
677 710 756 766 dicat
768 730 776 765 :
789 729 853 768 eme
865 750 874 778 ,
886 711 929 766 mi
940 712 1005 776 vir,
1019 707 1207 776 lanam,nnde
1216 705 1259 761 tibi

417 789 561 863 pallium,
763 797 768 808 ’

253 857 403 932 malicum
416 883 446 927 et
456 873 585 928 calidum
597 871 791 942 conficiatur,
806 873 973 948 tunicaeque
982 873 1120 948 hyberna
1131 871 1222 934 bona,
1304 887 1306 898 ·

253 959 298 1014 Ne
310 957 408 1031 algeas
419 952 475 1010 buc
484 954 589 1028 hyeme
599 953 684 1009 illoc
695 973 861 1030 numquam
874 955 1000 1011 verbum
1012 975 1048 1010 ex
1058 971 1147 1009 uxore
1156 948 1258 1016 audiam
1305 975 1306 980 ι

253 1037 312 1096 Sed
323 1037 499 1110 priusquam
511 1035 581 1111 galli
595 1046 735 1105 cautent,
749 1057 816 1112 quae
829 1055 877 1093 me
890 1055 996 1092 somno
1011 1037 1147 1100 suscitet,
1304 1087 1306 1104 ,

252 1119 358 1176 Dicat:
372 1117 419 1173 Da
432 1117 525 1186 mihi,
542 1116 610 1184 vir,
626 1117 754 1174 calendis
766 1137 863 1174 meam
874 1118 958 1192 qnod
971 1129 1096 1174 matrem
1104 1112 1224 1188 juverit,
1303 1105 1306 1126 ¹

252 1201 300 1256 Da
311 1240 320 1267 ,
330 1200 384 1274 qni
394 1198 517 1267 farciat,
533 1199 571 1254 da
585 1199 639 1272 qui
650 1200 786 1267 condiat,
798 1200 854 1265 da,
868 1199 950 1274 quod
962 1199 1031 1255 dem
1043 1193 1260 1274 quinquatribus,

253 1275 470 1338 Praemntatrici
480 1318 489 1347 ,
500 1279 686 1352 conjunta,
698 1283 814 1350 ariolae,
828 1292 920 1356 atque
935 1281 1098 1356 haruspicae
1111 1320 1120 1346 ,

253 1362 411 1438 Flagitium
427 1373 493 1429 est,
511 1361 535 1420 si
554 1361 626 1417 nihil
643 1361 799 1431 mittetur,
818 1382 880 1438 quo
893 1362 1051 1436 supercilio
1071 1360 1161 1435 spicit.

254 1446 334 1502 Tum
346 1443 498 1518 pistricem
510 1443 684 1512 clementer,
702 1464 763 1502 nou
775 1455 891 1518 potest,
903 1444 977 1520 quin
990 1461 1152 1500 munerem.

253 1527 320 1583 lam
332 1525 448 1600 pridem
459 1525 530 1601 quia
543 1525 616 1580 nihil
628 1526 782 1582 abstulerit
796 1567 806 1594 ,
825 1537 976 1582 succenset
989 1525 1115 1601 geraria.

253 1608 332 1666 Tum
345 1607 488 1664 obstetrix
503 1607 702 1682 expostulavit
714 1627 850 1675 mecum,
868 1625 977 1681 parum
990 1607 1114 1663 missum
1127 1603 1187 1661 sibi.
1303 1655 1306 1670 ,

255 1687 337 1760 Quid
351 1689 461 1746 nutrici
472 1707 535 1744 nou
548 1688 693 1745 missurus
704 1690 890 1764 quidquam,
907 1708 975 1763 quae
987 1707 1096 1744 vernas
1106 1687 1166 1743 alit.
1303 1681 1306 1692 “

256 1771 325 1828 Hac
336 1811 346 1839 ‚
359 1783 450 1846 atque
463 1769 555 1842 hujus
569 1770 673 1826 similia
686 1771 744 1828 alia
759 1771 865 1826 damna
878 1771 974 1826 multa
985 1771 1164 1836 mulierum,

254 1854 304 1912 Me
318 1872 413 1912 uxore
427 1852 606 1929 prohibent,
622 1851 695 1907 mihi
710 1873 776 1928 qnae
793 1851 885 1928 hujus
897 1851 1005 1909 similes
1018 1867 1167 1908 sermones
1176 1852 1246 1902 serat·

254 2005 366 2074 Habes
379 2003 541 2092 insignem
560 2003 705 2084 luxum,
722 2025 789 2092 quo
809 2026 841 2069 se
857 2003 1011 2069 deterreri
1026 2004 1106 2068 dicit
1125 1997 1261 2094 Peripleq
1299 2037 1306 2100 ⁴,

255 2107 401 2162 tomencs
421 2118 440 2158 a
461 2094 610 2158 ducenda
626 2116 747 2174 uxore,
767 2117 810 2159 ne
826 2094 974 2180 reginam
991 2089 1177 2182 hujusmodi
1193 2087 1260 2151 dour
1300 2148 1306 2183 Ἃ

255 2187 342 2250 alere
356 2194 504 2272 cogatur.
520 2183 584 2248 Sed
603 2183 716 2272 paullo
736 2194 810 2274 post
830 2204 863 2249 v.
889 2205 947 2248 ιιι
967 2194 1000 2248 et
1018 2183 1119 2248 abant
1139 2193 1259 2246 caussam

245 2275 346 2341 addit
357 2300 365 2338 a

260 2435 391 2508 Quando
404 2436 500 2492 babeo
512 2435 624 2492 multos
638 2445 800 2512 cognatos,
812 2435 886 2510 quid
899 2453 976 2512 opus
985 2436 1059 2493 mibi
1071 2435 1107 2494 sit
1118 2426 1228 2490 liberis?
1300 2437 1301 2440 ’

259 2509 1263 2593 Nuucbeuevivoetfortunate‚atqueutvolo,atqueanimoutlubel·
1301 2525 1306 2544 ‘

258 2599 327 2656 Mea
343 2599 423 2656 bona
434 2594 532 2655 morie
541 2598 674 2674 cognatis
685 2598 801 2668 dicam,
819 2600 896 2655 inter
908 2619 959 2656 eos
971 2601 1111 2674 partiam.
1302 2595 1304 2608 ²

259 2681 308 2740 Illi
316 2680 398 2756 apud
409 2699 456 2736 me
465 2678 570 2747 munt,
579 2699 627 2736 me
635 2681 874 2750 curant,visnut‚
883 2681 955 2756 quid
964 2699 1062 2758 agam,
1072 2676 1178 2756 ecquid
1187 2671 1265 2732 velim,
1305 2681 1306 2724 1

258 2762 437 2837 Priusquam
446 2763 540 2829 lucet,
551 2762 661 2818 adsunt
670 2803 679 2830 ,
688 2762 819 2838 rogitant
828 2803 837 2831 ‚
846 2775 938 2819 noctu
951 2775 986 2820 nt
997 2781 1136 2820 somnum
1143 2749 1266 2833 ceperim?
1304 2773 1306 2798 l

258 2847 319 2904 Eos
333 2863 389 2918 pro
401 2844 499 2908 liberis¹
511 2843 627 2910 habeo,
642 2845 714 2918 qnia
725 2844 798 2900 mibi
809 2844 932 2902 mittunt
944 2863 1087 2912 munera,
1302 2859 1304 2866 ⁸

259 2921 432 2985 Sacrificant
445 2966 454 2994 ‚
471 2925 544 2982 dant
556 2925 625 2982 inde
638 2938 754 3000 partem
766 2925 838 2982 mibi
850 2925 994 2998 majorem
1005 2945 1098 3001 quam
1111 2924 1181 2990 sibi,

258 3090 311 3148 llle
330 3089 528 3146 miserrimum
545 3108 575 3146 se
592 3101 693 3156 retur,
713 3089 868 3146 minimtun
886 3089 940 3164 qui
957 3089 1036 3146 misit
1051 3089 1134 3146 mihi.

259 3173 307 3229 Illi
319 3173 396 3228 inter
408 3191 438 3228 se
452 3182 567 3230 certant
578 3171 664 3227 donis
680 3191 687 3225 :
702 3190 756 3246 ego
769 3172 826 3226 hoc
843 3171 967 3226 mussito
980 3189 1097 3228 mecum
1111 3191 1118 3228 :

260 3253 344 3333 Bona
356 3273 421 3310 mea
435 3253 568 3322 inhiant,
583 3253 717 3309 certatim
729 3253 853 3310 mittunt
865 3253 944 3308 dona
952 3250 986 3308 'et
997 3271 1133 3310 munera.

259 3407 336 3487 En,
357 3427 458 3493 quam
474 3404 636 3470 coluerint
658 3405 852 3494 heredipetae
875 3405 999 3470 caelibes
1018 3415 1050 3469 et
1065 3387 1160 3468 orbos
1175 3425 1183 3461 ι
1201 3404 1229 3460 et
1245 3385 1267 3454 il

260 3495 371 3585 plnres
384 3493 565 3559 deterrebat
578 3517 596 3558 a
611 3495 876 3584 nuptiis.‘Quum
892 3505 1003 3558 autem
1017 3487 1267 3557 animadverteret

263 3583 453 3670 Augustus,
468 3604 646 3648 numerum
664 3583 784 3648 civium
805 3582 847 3648 ob
865 3583 949 3648 istud
967 3583 1129 3648 caelibatus
1147 3573 1269 3642 studium

191 3675 200 3690 '
264 3672 408 3761 quotidie
422 3672 619 3755 decrescere,
633 3673 739 3760 legem
760 3673 851 3737 illam
869 3673 961 3752 tulit,
982 3695 1045 3759 qna
1061 3667 1233 3762 caelibatum
1245 3661 1268 3718 et

263 3761 438 3828 orbitatem
455 3761 551 3828 variis
565 3763 671 3850 poeuis
685 3763 850 3838 coercuit,
869 3785 897 3826 e.
913 3781 945 3848 g.
961 3773 999 3825 ut
1013 3759 1135 3825 caelibes
1147 3750 1225 3820 ,nilsl
1237 3759 1267 3807 e!

264 3861 455 3918 testamento
474 3871 588 3941 cepere
605 3859 751 3943 possent,
768 3850 838 3918 orbi
853 3862 981 3918 tautum
997 3848 1186 3918 dimidium:
1204 3855 1267 3902 cou-
1304 3835 1306 3878 ¹

1189 3929 1265 4020 juges
1305 3955 1306 3964 ι

1303 3481 1306 3522 1

1303 3557 1306 3610 l

1303 3637 1306 3700 l
