2646 4496
184 306 251 376 sto
437 276 956 390 ntrnu1,'r1r.x111.

105 502 106 510 ἵ
181 420 231 485 Eo
240 429 350 482 autem
359 417 519 483 vocabulo
526 418 667 506 generali
678 420 751 484 usus
759 412 1205 503 est'Serviusquiaejusaetate
1312 403 1313 412 ¹

184 529 252 574 non
272 506 371 572 modo
394 507 528 596 pupilli,
543 508 597 572 sed
611 521 643 574 et
657 505 787 576 femine
802 519 894 576 erant
908 507 944 572 in
960 505 1071 571 tutela.
1088 503 1206 568 Deinde
1312 545 1313 552 κ

184 617 253 662 non
269 595 326 660 abs
345 619 382 662 re
400 597 600 681 junxit'vim
617 609 651 663 et
659 609 884 684 potestatem,
900 595 975 684 quia
990 597 1040 660 cis
1055 592 1208 680 significat
1313 624 1314 658 t

185 695 377 776 potestatem
400 709 477 750 cum
492 686 686 754 coercitione
699 687 910 770 conjunctam
924 735 934 763 ,
955 697 1103 772 potestas
1117 705 1207 760 eam,

186 795 259 862 qua
269 773 337 840 sine
352 777 544 850 coercitione
558 789 614 842 est.
631 777 707 844 Jam
717 777 752 844 in
765 775 900 844 femmas
914 785 1035 841 tutores
1053 769 1210 838 habebant
1309 810 1312 819 ·

182 875 398 955 potestatem,
413 888 484 932 non
497 867 577 931 vim.
598 869 640 933 ln*
657 868 790 958 pupillis
804 867 912 934 adbuc
925 863 1105 932 infantibus
1117 881 1210 926 exer·
1308 868 1312 881 '

184 954 302 1018 cebant
326 955 418 1035 vim,
441 955 476 1022 iu
503 955 665 1044 pubertati
690 957 849 1047 proximis
871 964 1075 1048 potestatem.
1101 951 1212 1016 Sensus

183 1065 264 1129 ergo
280 1042 475 1111 definitionis
495 1045 549 1109 hic
567 1059 638 1112 est:
659 1045 785 1114 Tutela
803 1058 848 1114 est
871 1049 922 1112 cis
942 1043 997 1134 (in
1018 1037 1210 1124 infantibus)

181 1144 217 1198 et
223 1143 377 1219 potestus
390 1132 444 1222 (in
455 1134 687 1223 adultioribus)
703 1137 862 1224 incapite
875 1135 981 1200 libero
995 1132 1036 1222 (i.
1052 1155 1081 1197 e.
1095 1127 1211 1194 lemine

181 1233 214 1286 et
232 1221 383 1310 pupillo)
403 1224 452 1290 ad
475 1225 641 1290 tuendum
661 1249 740 1291 eum
758 1225 924 1312 (additum
944 1221 1039 1288 fuisse
1063 1218 1210 1285 videtur:

183 1310 341 1396 carnee),
356 1314 418 1400 qui
428 1314 440 1397 l
445 1313 592 1379 additum
608 1315 722 1404 procul
738 1314 837 1380 dubio
849 1311 909 1380 suit
926 1310 1102 1400 equiem),
1111 1327 1212 1396 prop·

184 1411 237 1466 ter
250 1412 387 1466 calaum
403 1402 573 1492 (additum
586 1403 649 1470 fuit
664 1431 673 1468 ε
689 1404 742 1470 vel
755 1419 892 1475 sexum)
913 1425 949 1466 re
968 1411 1090 1489 sponte
1103 1395 1214 1484 desen-
1269 1471 1271 1478 y
1314 1437 1315 1458 i

183 1489 264 1555 clare
288 1492 415 1578 nequit.
439 1493 528 1560 Talis
549 1494 630 1560 olim
651 1491 745 1560 fuisse
768 1494 895 1559 videtur
918 1490 1021 1556 Servii
1047 1485 1212 1566 delinitio,
1314 1511 1315 1548 t

182 1579 239 1644 sed
251 1579 380 1646 videtur
391 1582 611 1650 Tribonianus
618 1636 628 1667 ,
641 1587 717 1672 quia
727 1586 795 1673 ejus
806 1581 1006 1675 temporibus
1016 1578 1211 1648 feminarum
1314 1599 1315 1638 t

180 1669 283 1735 tutela
300 1669 341 1734 ab
354 1692 415 1737 usu
428 1685 617 1760 recesserat,
629 1697 685 1760 ea,
697 1697 770 1763 quae
784 1673 819 1740 in
832 1669 1016 1766 parenthesi
1027 1670 1210 1764 posuimus,
1313 1666 1315 1727 ἶ

183 1779 350 1826 resecasse.
1017 1769 1022 1780 ’

598 1905 629 1993 5.
653 1905 795 1974 cerv.
834 1997 838 2002 ¹

151 2067 164 2141 l
231 2077 323 2145 Fluit
330 2080 402 2166 jam
413 2101 456 2146 ex
466 2080 529 2146 bac
543 2079 730 2147 delinitione
741 2081 872 2146 axioma
886 2107 894 2142 s
906 2077 1023 2148 Tutela
1036 2090 1083 2142 est
1097 2097 1212 2142 munus

186 2168 379 2259 publicum,
396 2194 456 2258 pr.
477 2171 566 2236 Inst.
587 2171 628 2236 de
647 2195 758 2236 exous.
782 2178 844 2236 tut.
868 2169 906 2235 Id
924 2179 1011 2236 recte
1029 2168 1213 2256 intelligen-

186 2259 279 2323 dum.
298 2261 375 2326 Non
392 2259 530 2326 dicimus
543 2261 679 2326 tutelam
692 2273 756 2326 esse
772 2258 916 2326 officium
931 2255 1121 2348 publicum,
1138 2277 1213 2320 nam

187 2359 279 2412 tutor
293 2371 353 2414 nec
374 2362 500 2436 partem
523 2349 710 2442 reipublicae
731 2348 956 2429 administrat,
977 2369 1037 2414 nec
1060 2345 1215 2432 dignitate

186 2437 296 2523 aliqua
309 2436 434 2524 fulget,
446 2461 505 2506 nec
517 2439 670 2506 salarium
685 2439 820 2526 accipit,
832 2437 886 2504 sed
897 2448 943 2502 est
954 2447 1130 2523 monetque
1145 2455 1214 2524 per·
1315 2447 1316 2454 ’

183 2547 264 2597 sona
281 2527 422 2615 privata.
449 2527 676 2608 Atticinus,
701 2528 837 2592 tutelam
861 2547 925 2592 esse
948 2549 1078 2592 munus
1094 2523 1215 2614 publi·

186 2639 277 2682 cum.
294 2615 417 2682 Munus
430 2629 541 2682 autem
554 2618 725 2708 publicum
737 2628 783 2682 est
793 2639 892 2697 onus,
907 2615 995 2704 quod
1009 2613 1216 2682 omnesones

187 2705 320 2861 publica
349 2706 542 2774 auctoritate
569 2720 602 2775 et
635 2707 766 2797 publico
791 2707 881 2793 jussu
910 2703 1017 2774 subire
1040 2713 1220 2782 tenentur,
1313 2703 1314 2712 ’

202 2841 210 2862 .
228 2791 292 2861 214
300 2843 313 2876 ,
323 2819 381 2884 pr.
387 2795 435 2886 ff.
455 2798 498 2864 cle
521 2797 569 2862 V.
585 2799 620 2862 S.
638 2797 725 2864 Cum
739 2817 817 2881 ergo
830 2805 863 2862 ct
884 2793 1044 2862 tutoribus
1057 2793 1122 2859 boe
1137 2811 1216 2856 onus

187 2886 378 2975 imponatur
392 2886 523 2976 publica
542 2886 733 2954 auctoritate
748 2935 758 2968 ,
774 2904 893 2973 nempe
907 2906 965 2972 per
979 2885 1085 2968 legem
1100 2893 1132 2948 et
1145 2901 1217 2948 ma·

184 2975 358 3062 gistratus,
374 2999 543 3066 quumque
557 2977 638 3044 illud
652 2976 759 3042 subire
770 2996 885 3042 omnes
897 2984 1068 3040 teneantur
1078 3019 1092 3052 ,
1102 2971 1217 3058 quibus

185 3078 318 3222 coplast
329 3064 414 3152 justa
431 3067 621 3150 excusatio,
637 3065 714 3134 binc
732 3077 819 3132 rents
839 3063 940 3134 tutela
961 3061 1082 3162 dicitur
1098 3079 1220 3126 munus

188 3179 235 3247 pu
271 3179 372 3226 rcum.
1315 3171 1316 3174 ’

615 3297 645 3384 ς.
674 3229 793 3362 ccv.
854 3389 858 3398 Ι

230 3461 307 3526 lam
320 3455 522 3537 ridebimus,
544 3457 682 3547 quidex
701 3455 764 3522 boc
780 3453 945 3520 axiomata
958 3449 1053 3518 llust.
1069 3449 1153 3515 Inde
1165 3447 1216 3516 ni'·

163 3619 168 3633 ,
186 3549 312 3617 mirum
336 3549 410 3614 duta
423 3547 534 3614 fluunt
543 3547 781 3612 conclusiones:
795 3550 839 3608 1⁶.
859 3541 960 3627 Quod
966 3536 1045 3629 filii
1056 3537 1218 3627 familias

161 3650 172 3694 ’-’
188 3652 276 3710 recte
290 3642 545 3706 constituantur
561 3648 705 3715 tutores,
722 3657 780 3722 pr.
798 3631 886 3700 Inst.
900 3631 962 3722 qm·
975 3641 1048 3696 testa
1065 3640 1127 3694 tut.
1141 3628 1215 3693 dor.

182 3754 279 3822 poss.
292 3730 361 3796 Gur
377 3749 454 3794 vero
465 3727 482 3792 ἲ
492 3725 590 3792 Ratio
602 3725 693 3791 estin
702 3725 733 3812 §.
751 3723 811 3814 159
826 3723 859 3788 in
871 3720 1049 3807 ncta'quia
1062 3715 1216 3783 nlrnirum

187 3821 274 3889 lilius
287 3815 426 3886 familias
433 3816 469 3884 itt
483 3816 674 3882 muneribus
683 3812 820 3904 publicis
832 3833 892 3902 pro
904 3821 995 3904 patre
1006 3807 1145 3874 lamilias'
1153 3806 1213 3872 ha-

89 3957 91 3962 ,
188 3909 303 3995 betur,
316 3911 338 3978 i.
350 3933 393 4000 9,
405 3905 453 3999 ff
466 3907 507 3976 cle
520 3907 573 3976 bis
590 3908 650 3998 qui
665 3907 722 3974 cui
741 3903 794 3974 cet
802 3953 813 3990 ,
828 3905 894 3993 ¹ctci
909 3899 999 3990 Ergo
1012 3909 1045 3965 et
1058 3895 1218 3974 tutelam,
