2646 4496
135 300 139 328 ¹
253 345 314 416 ¹72
539 338 716 408 arnna
742 339 914 424 1‚'r1‘r.
939 345 996 410 X:

253 439 310 525 qui
336 461 378 506 ex
405 446 590 533 captivitate
617 451 754 516 domum
778 454 895 535 rediit,
923 458 953 540 ς.
978 461 1016 532 5,
1043 455 1133 518 Inat.
1156 453 1266 543 quibua

251 530 367 596 modia
375 533 440 618 jue
452 547 544 622 patr.
559 551 683 626 puteat.
706 545 787 607 salv.
810 545 932 610 Contra
952 546 1004 607 lex
1021 542 1170 607 Cornelia
1185 543 1267 630 lingit

253 641 329 682 erim
343 670 352 700 ,
364 622 418 708 qui
430 625 462 688 in
473 629 658 714 captivitate
675 632 831 713 moritur,
845 635 879 697 in
895 633 972 698 urbe
984 644 1169 712 mortuum,
1184 633 1204 695 l.
1220 640 1266 709 18,

170 789 172 800 Ι
243 707 291 798 ff
306 711 348 772 de
358 715 482 798 captiv.
502 727 534 780 et
543 720 698 804 poatlim.
716 723 757 784 Et
775 719 852 786 hinc
867 723 905 786 de
920 721 1105 787 fictionibus
1123 722 1202 808 juris
1214 722 1270 784 ele·

150 821 162 826 ·
254 809 386 882 gentem
404 815 495 867 tract.
511 807 634 895 scripsit
649 810 776 875 Antan.
786 811 909 876 Dedin·
921 810 1270 891 Alteserraduriscon·

87 896 92 906 ’
254 886 356 952 saltas
370 889 484 982 Gallus
499 896 737 966 celeberrimus.
753 901 874 966 Eodem
892 923 970 987 ergo
990 900 1091 964 modo
1110 900 1205 964 etiam
1223 899 1269 962 lex

244 975 370 1056 'linxit‚
392 1001 469 1044 eum
495 983 528 1047 in
548 987 757 1053 matrimonio
777 1002 910 1070 natum,
936 989 992 1080 qui
1018 1000 1115 1054 natus
1138 1011 1202 1051 non
1221 1000 1267 1051 ut.

254 1064 386 1130 Dicitur
405 1093 504 1156 porro
524 1074 566 1137 in*
578 1071 780 1159 delinitione,
793 1089 825 1143 et
837 1080 916 1144 hino
928 1081 1040 1144 instar
1050 1077 1269 1165 legitimorum

253 1153 461 1255 rediguntur
473 1161 893 1256 inputrinmpoteatntem.
904 1169 1073 1232 Habemus
1082 1165 1225 1230 effectum
1235 1166 1268 1227 le

255 1242 477 1330 grtimationis.
492 1250 599 1318 Liberi
617 1267 717 1320 extra·
727 1258 976 1322 matrimonium
991 1258 1060 1320 nati
1077 1277 1145 1318 non
1159 1254 1268 1318 suntin

280 1333 361 1398 atria
380 1347 558 1430 potestate;
589 1343 657 1426 imo
682 1367 723 1410 ne
752 1347 977 1434 intelligantur
1001 1343 1136 1432 quidem
1156 1352 1269 1432 patrem
1306 1319 1307 1400 l

253 1355 374 1487 labere
386 1474 394 1504 ‚
407 1426 483 1512 quia
498 1442 591 1517 pater
611 1445 655 1500 est
667 1484 677 1513 ,
694 1458 790 1520 quem
804 1435 897 1519 justae
907 1433 1035 1522 nuptiae
1049 1433 1269 1522 demonstrant.
1307 1419 1308 1508 l

182 1560 187 1570 .
253 1509 279 1576 l.
295 1513 320 1574 5
329 1511 445 1602 ,ff'de
462 1518 568 1604 injur
590 1547 658 1586 voc.
677 1523 765 1588 Hinc
785 1525 939 1589 dicuntur
963 1521 1062 1588 liberi
1086 1519 1268 1606 naturales,
1308 1519 1309 1606 l

215 1608 217 1612 '
253 1599 330 1686 quia
346 1615 463 1668 natura
479 1609 611 1694 quidem
634 1623 761 1702 patrem
787 1613 925 1694 habent,
945 1611 998 1676 sed
1022 1634 1092 1675 non
1112 1611 1195 1696 jure.
1216 1607 1269 1671 Ast
1309 1619 1310 1706 l

252 1711 314 1781 per
335 1691 602 1778 legitimationem
622 1701 816 1788 redigantur
834 1702 870 1766 in
902 1702 1041 1792 patriam
1068 1708 1267 1790 potestatem,
1310 1719 1311 1790 p

254 1789 287 1840 et
300 1779 376 1881 hinc
389 1795 458 1864 eat,
476 1789 563 1871 quod
583 1791 614 1876 §.
630 1789 970 1878 165v1egtnmatiouem
981 1789 1128 1868 dinimua
1139 1794 1268 1852 cannam
1311 1821 1312 1890 p

143 1918 145 1924 .
208 1903 210 1906 ·
251 1878 366 1963 patrae
381 1875 557 1962 potestatis.
1086 1885 1091 1896 '

631 2040 661 2125 ς.
689 2038 899 2108 CLXVII.

299 2200 382 2268 Haeu
405 2216 450 2270 est
464 2205 621 2276 delinitio.
636 2210 688 2275 Ex
701 2233 739 2276 ea
753 2211 823 2296 jam
837 2209 944 2274 statim
961 2209 1040 2275 solvi
1059 2219 1166 2298 potest
1179 2225 1268 2305 quars-¹
1314 2223 1316 2312 p

255 2287 302 2354 tio
316 2340 324 2371 ,
340 2294 475 2380 quinam
497 2297 587 2364 liberi
604 2299 764 2386 illegitimi
781 2299 955 2387 legitimari
972 2300 1120 2386 queant?
1138 2298 1219 2362 Sunt
1230 2291 1268 2356 lt
1314 2313 1316 2352 2

256 2392 398 2464 quatuor
408 2407 578 2469 generum.
610 2390 650 2454 1⁰.
666 2390 735 2456 Alii
748 2389 904 2455 dicuntur
925 2390 1104 2454 naturales
1120 2385 1215 2454 liberi
1227 2379 1269 2446 vel

257 2469 356 2533 nothi
366 2483 399 2536 et
419 2474 552 2542 barbara
564 2477 759 2559 aaaron,
781 2479 839 2566 qui
852 2499 896 2544 ex
914 2478 1045 2544 lronaata
1066 2475 1210 2574 femiam
1223 2467 1268 2570 sed

255 2569 350 2622 extra
366 2563 615 2630 matrimonium
628 2568 783 2656 suscepti,
797 2568 819 2632 i.
835 2590 863 2632 e.
879 2589 921 2632 ex
936 2567 1132 2632 concubina.
1145 2563 1212 2630 Alii
1226 2559 1269 2622 ὼ-
1315 2615 1316 2622 ,

254 2659 395 2730 cuntur,
415 2661 459 2714 2⁰.
484 2657 613 2740 aporii,
625 2655 681 2742 q‘ui
697 2657 764 2734 nati
776 2679 817 2722 ex
835 2656 970 2720 muliere
984 2653 1176 2743 quaestuaria
1189 2701 1198 2733 ‚
1212 2651 1232 2714 i.
1245 2668 1268 2708 e·
1315 2661 1316 2678 ²

253 2757 298 2802 ex
309 2741 500 2824 meretrice,
514 2765 588 2830 quae
600 2757 759 2832 quaestum
771 2767 908 2836 corpore
921 2741 1019 2826 fauit,
1033 2745 1122 2809 unde
1135 2755 1168 2808 et
1178 2737 1270 2839 vulgo

184 2901 187 2906 ¹
253 2829 394 2916 quoeaiti
406 2831 571 2898 (licuntur.
588 2833 658 2900 Alii
682 2846 860 2916 vocantur,
878 2833 930 2899 3⁰.
947 2834 1157 2912 adrtlterini,
1169 2851 1223 2917 qut
1235 2842 1270 2888 e!

253 2917 413 2984 adulterio
426 2923 495 2988 nati
508 2971 518 3004 ‚
534 2925 581 2988 4⁰.
598 2921 652 2987 alil
664 2924 861 3002 incestuosi,
877 2923 933 3012 qui
947 2945 991 2988 ex
1002 2921 1124 2988 incestu
1137 2971 1145 3001 ,
1160 2923 1185 2984 i.
1196 2940 1223 2982 e.
1234 2932 1270 3000 9⁸

251 3018 427 3095 congressu
452 3033 566 3078 aarum
585 3035 818 3101 personarum,
839 3033 914 3102 quaa
928 3011 970 3077 ob
988 3013 1213 3100 cognationem
1228 2997 1270 3067 vel

255 3097 455 3166 adfinitatem
463 3103 498 3167 in
507 3102 716 3166 matrimonio
729 3102 793 3168 ess‘e
806 3113 983 3188 nequeunt.
996 3101 1072 3166 Jam
1082 3099 1170 3166 atad
1182 3111 1270 3184 qufflt·

254 3188 377 3254 tionem
391 3189 640 3278 respondeamus
660 3190 878 3280 propositam,
894 3189 1069 3277 legitimari
1087 3195 1215 3278 possunt
1227 3201 1270 3243 ⁸0·

255 3278 326 3342 lum
353 3279 453 3344 liberi
469 3281 665 3360 naturalea,
685 3303 753 3346 non
773 3279 896 3369 spurii,
919 3299 988 3344 non
1002 3276 1186 3355 adulterini,
1210 3287 1270 3368 ¹¹¹)¹²

253 3358 447 3450 incestuosi,
472 3371 503 3456 §.
525 3369 587 3434 ult.
616 3369 705 3434 [πει.
732 3371 766 3434 t.
795 3380 820 3434 t.
848 3369 870 3432 l.
898 3376 955 3447 1ο’,
991 3367 1027 3432 C.
1051 3367 1091 3432 de
1119 3375 1190 3432 nat·
1217 3354 1269 3422 Μ’·

254 3455 352 3521 Noa.
378 3477 457 3538 117,
479 3483 508 3523 c.
529 3479 561 3524 a.
585 3457 684 3524 nano
703 3471 771 3538 est,
794 3457 870 3544 quia
884 3455 1076 3542 legitimatio
1093 3456 1131 3523 fit
1151 3473 1206 3544 per
1219 3445 1270 3510 fic·

253 3545 389 3612 tionem.
405 3537 558 3634 ‘Fingunt
582 3545 672 3611 enim
696 3548 801 3634 legen,
824 3544 940 3612 liberos
965 3544 1188 3632 legitimandos
1210 3553 1270 3632 ευξ-

180 3659 183 3665 ·
255 3646 399 3726 ceptose
421 3637 633 3702 matrimonio
650 3635 1061 3724 (§.167)=atverocum
1077 3626 1268 3730 omnisfictrp

255 3735 421 3815 supponat
436 3726 590 3791 terminos
606 3725 743 3803 habiles,
758 3747 818 3792 neo
833 3724 1080 3790 matrimonium
1092 3720 1170 3807 fingi
1184 3716 1268 3816 possit

257 3837 334 3879 cum
347 3813 482 3879 maliem
494 3815 684 3901 quaestuaria
702 3815 750 3902 (ὃ.
770 3815 831 3880 162
843 3813 878 3902 ),
893 3814 1062 3902 multoque
1075 3812 1182 3916 minua
1194 3810 1268 3867 mter

256 3904 442 3971 adulteram
457 3915 489 3970 et
507 3905 709 3990 adulteram,
729 3914 883 3992 cognatos
902 3914 935 3968 et
954 3901 1269 3992 adfinespronmou
