<?xml version="1.0" encoding="UTF-8"?>
<!DOCTYPE html PUBLIC "-//W3C//DTD XHTML 1.0 Transitional//EN"
    "http://www.w3.org/TR/xhtml1/DTD/xhtml1-transitional.dtd">
<html xmlns="http://www.w3.org/1999/xhtml" xml:lang="en" lang="en">
 <head>
  <title>
</title>
<meta http-equiv="Content-Type" content="text/html;charset=utf-8" />
  <meta name='ocr-system' content='tesseract 3.04.00' />
  <meta name='ocr-capabilities' content='ocr_page ocr_carea ocr_par ocr_line ocrx_word'/>
</head>
<body>
  <div class='ocr_page' id='page_1' title='image "./recitationesine00heingoog_0209.png"; bbox 0 0 2644 4504; ppageno 0'>
   <div class='ocr_carea' id='block_1_1' title="bbox 253 297 1031 383">
    <p class='ocr_par' dir='ltr' id='par_1_1' title="bbox 253 297 1031 383">
     <span class='ocr_line' id='line_1_1' title="bbox 253 297 1031 383; baseline 0.004 -17"><span class='ocrx_word' id='word_1_1' title='bbox 253 297 317 367; x_wconf 77' lang='lat'><strong>302</strong></span> <span class='ocrx_word' id='word_1_2' title='bbox 505 301 672 369; x_wconf 82' lang='lat' dir='ltr'>LIBER</span> <span class='ocrx_word' id='word_1_3' title='bbox 694 300 732 383; x_wconf 90' lang='lat'><strong>1,</strong></span> <span class='ocrx_word' id='word_1_4' title='bbox 753 301 866 370; x_wconf 76' lang='lat' dir='ltr'><strong>TIT.</strong></span> <span class='ocrx_word' id='word_1_5' title='bbox 889 301 1031 372; x_wconf 87' lang='lat' dir='ltr'>XXV.</span> 
     </span>
    </p>
   </div>
   <div class='ocr_carea' id='block_1_2' title="bbox 231 409 1309 3888">
    <p class='ocr_par' dir='ltr' id='par_1_2' title="bbox 231 409 1309 3888">
     <span class='ocr_line' id='line_1_2' title="bbox 250 409 1256 498; baseline 0.008 -25"><span class='ocrx_word' id='word_1_6' title='bbox 250 410 386 498; x_wconf 86' lang='lat' dir='ltr'><strong>quidam</strong></span> <span class='ocrx_word' id='word_1_7' title='bbox 413 413 627 476; x_wconf 83' lang='lat' dir='ltr'><strong>vacationem</strong></span> <span class='ocrx_word' id='word_1_8' title='bbox 654 409 831 492; x_wconf 86' lang='lat' dir='ltr'><strong>habebant,</strong></span> <span class='ocrx_word' id='word_1_9' title='bbox 862 413 962 478; x_wconf 84' lang='lat' dir='ltr'><strong>veluti</strong></span> <span class='ocrx_word' id='word_1_10' title='bbox 989 435 1091 495; x_wconf 80' lang='lat' dir='ltr'><strong>senes,</strong></span> <span class='ocrx_word' id='word_1_11' title='bbox 1118 416 1256 496; x_wconf 83' lang='lat' dir='ltr'><strong>veterani,</strong></span> 
     </span>
     <span class='ocr_line' id='line_1_3' title="bbox 251 498 1258 586; baseline 0.004 -20"><span class='ocrx_word' id='word_1_12' title='bbox 251 498 515 586; x_wconf 81' lang='lat' dir='ltr'><strong>legati3quidam</strong></span> <span class='ocrx_word' id='word_1_13' title='bbox 533 500 805 580; x_wconf 83' lang='lat' dir='ltr'><strong>excusabuntur,</strong></span> <span class='ocrx_word' id='word_1_14' title='bbox 825 499 851 564; x_wconf 87' lang='lat' dir='ltr'><strong>si</strong></span> <span class='ocrx_word' id='word_1_15' title='bbox 867 503 952 586; x_wconf 80' lang='lat' dir='ltr'><strong>justa</strong></span> <span class='ocrx_word' id='word_1_16' title='bbox 968 525 1075 567; x_wconf 89' lang='lat' dir='ltr'><strong>caussa</strong></span> <span class='ocrx_word' id='word_1_17' title='bbox 1092 503 1127 567; x_wconf 91' lang='lat' dir='ltr'><strong>iis</strong></span> <span class='ocrx_word' id='word_1_18' title='bbox 1143 518 1211 569; x_wconf 86' lang='lat' dir='ltr'><strong>esset</strong></span> <span class='ocrx_word' id='word_1_19' title='bbox 1231 509 1258 570; x_wconf 89' lang='lat' dir='ltr'><strong>iu</strong></span> 
     </span>
     <span class='ocr_line' id='line_1_4' title="bbox 251 583 1258 680; baseline 0.006 -28"><span class='ocrx_word' id='word_1_20' title='bbox 251 600 399 676; x_wconf 84' lang='lat' dir='ltr'><strong>promtu,</strong></span> <span class='ocrx_word' id='word_1_21' title='bbox 411 611 439 654; x_wconf 88' lang='lat' dir='ltr'><strong>e.</strong></span> <span class='ocrx_word' id='word_1_22' title='bbox 452 611 484 676; x_wconf 83' lang='lat' dir='ltr'><strong>g.</strong></span> <span class='ocrx_word' id='word_1_23' title='bbox 498 611 655 654; x_wconf 87' lang='lat' dir='ltr'><strong>uumerus</strong></span> <span class='ocrx_word' id='word_1_24' title='bbox 665 583 856 654; x_wconf 84' lang='lat' dir='ltr'><strong>liberorum.</strong></span> <span class='ocrx_word' id='word_1_25' title='bbox 872 591 960 656; x_wconf 85' lang='lat' dir='ltr'><strong>Hinc</strong></span> <span class='ocrx_word' id='word_1_26' title='bbox 973 592 1005 654; x_wconf 87' lang='lat' dir='ltr'><strong>iu</strong></span> <span class='ocrx_word' id='word_1_27' title='bbox 1016 593 1096 660; x_wconf 87' lang='lat' dir='ltr'><strong>libro</strong></span> <span class='ocrx_word' id='word_1_28' title='bbox 1108 592 1145 656; x_wconf 79' lang='lat' dir='ltr'><strong>L.</strong></span> <span class='ocrx_word' id='word_1_29' title='bbox 1160 594 1258 680; x_wconf 81' lang='lat' dir='ltr'><strong>Diges-</strong></span> 
     </span>
     <span class='ocr_line' id='line_1_5' title="bbox 252 678 1258 767; baseline 0.004 -23"><span class='ocrx_word' id='word_1_30' title='bbox 252 689 384 756; x_wconf 87' lang='lat' dir='ltr'><strong>torum,</strong></span> <span class='ocrx_word' id='word_1_31' title='bbox 404 678 459 744; x_wconf 93' lang='lat' dir='ltr'><strong>ubi</strong></span> <span class='ocrx_word' id='word_1_32' title='bbox 481 679 613 744; x_wconf 82' lang='lat' dir='ltr'><strong>materia</strong></span> <span class='ocrx_word' id='word_1_33' title='bbox 640 678 680 742; x_wconf 88' lang='lat' dir='ltr'><strong>de</strong></span> <span class='ocrx_word' id='word_1_34' title='bbox 700 678 892 742; x_wconf 85' lang='lat' dir='ltr'><strong>muneribus</strong></span> <span class='ocrx_word' id='word_1_35' title='bbox 916 679 1053 767; x_wconf 89' lang='lat' dir='ltr'><strong>publicis</strong></span> <span class='ocrx_word' id='word_1_36' title='bbox 1071 703 1114 746; x_wconf 84' lang='lat' dir='ltr'><strong>ex</strong></span> <span class='ocrx_word' id='word_1_37' title='bbox 1131 682 1258 748; x_wconf 81' lang='lat' dir='ltr'><strong>instituto</strong></span> 
     </span>
     <span class='ocr_line' id='line_1_6' title="bbox 251 767 1259 854; baseline 0.006 -24"><span class='ocrx_word' id='word_1_38' title='bbox 251 767 445 854; x_wconf 81' lang='lat' dir='ltr'>exponitur,</span> <span class='ocrx_word' id='word_1_39' title='bbox 460 767 543 832; x_wconf 86' lang='lat' dir='ltr'><strong>tituli</strong></span> <span class='ocrx_word' id='word_1_40' title='bbox 554 780 732 836; x_wconf 84' lang='lat' dir='ltr'><strong>occurrunt</strong></span> <span class='ocrx_word' id='word_1_41' title='bbox 745 767 787 830; x_wconf 88' lang='lat' dir='ltr'><strong>de</strong></span> <span class='ocrx_word' id='word_1_42' title='bbox 796 769 1016 834; x_wconf 79' lang='lat' dir='ltr'><strong>immunitate</strong></span> <span class='ocrx_word' id='word_1_43' title='bbox 1023 819 1034 848; x_wconf 87' lang='lat'><strong>,</strong></span> <span class='ocrx_word' id='word_1_44' title='bbox 1045 771 1086 836; x_wconf 81' lang='lat' dir='ltr'><strong>de</strong></span> <span class='ocrx_word' id='word_1_45' title='bbox 1100 773 1259 836; x_wconf 81' lang='lat' dir='ltr'><strong>vacatione</strong></span> 
     </span>
     <span class='ocr_line' id='line_1_7' title="bbox 251 856 1309 946; baseline 0.004 -26"><span class='ocrx_word' id='word_1_46' title='bbox 251 867 287 920; x_wconf 79' lang='lat' dir='ltr'><strong>et</strong></span> <span class='ocrx_word' id='word_1_47' title='bbox 298 857 514 922; x_wconf 79' lang='lat' dir='ltr'><strong>excusatione</strong></span> <span class='ocrx_word' id='word_1_48' title='bbox 530 879 723 922; x_wconf 82' lang='lat' dir='ltr'><strong>munerum.</strong></span> <span class='ocrx_word' id='word_1_49' title='bbox 744 856 1034 942; x_wconf 79' lang='lat' dir='ltr'><strong>Quemadmodum</strong></span> <span class='ocrx_word' id='word_1_50' title='bbox 1051 860 1153 946; x_wconf 79' lang='lat' dir='ltr'><strong>itaque</strong></span> <span class='ocrx_word' id='word_1_51' title='bbox 1166 883 1183 923; x_wconf 89' lang='lat' dir='ltr'><strong>a</strong></span> <span class='ocrx_word' id='word_1_52' title='bbox 1197 863 1261 924; x_wconf 82' lang='lat' dir='ltr'><strong>reli·</strong></span> <span class='ocrx_word' id='word_1_53' title='bbox 1308 901 1309 918; x_wconf 57' lang='lat'>1</span> 
     </span>
     <span class='ocr_line' id='line_1_8' title="bbox 251 943 1259 1034; baseline 0.002 -24"><span class='ocrx_word' id='word_1_54' title='bbox 251 945 324 1032; x_wconf 87' lang='lat' dir='ltr'><strong>quis</strong></span> <span class='ocrx_word' id='word_1_55' title='bbox 343 945 532 1012; x_wconf 85' lang='lat' dir='ltr'><strong>muneribus</strong></span> <span class='ocrx_word' id='word_1_56' title='bbox 549 945 686 1034; x_wconf 80' lang='lat' dir='ltr'><strong>publicis</strong></span> <span class='ocrx_word' id='word_1_57' title='bbox 701 943 900 1012; x_wconf 79' lang='lat' dir='ltr'><strong>excusabant</strong></span> <span class='ocrx_word' id='word_1_58' title='bbox 914 947 1008 1034; x_wconf 82' lang='lat' dir='ltr'><strong>justas</strong></span> <span class='ocrx_word' id='word_1_59' title='bbox 1025 971 1158 1030; x_wconf 79' lang='lat' dir='ltr'><strong>caussas,</strong></span> <span class='ocrx_word' id='word_1_60' title='bbox 1174 950 1214 1014; x_wconf 81' lang='lat' dir='ltr'><strong>iu</strong></span> <span class='ocrx_word' id='word_1_61' title='bbox 1232 961 1259 1013; x_wconf 88' lang='lat' dir='ltr'><strong>et</strong></span> 
     </span>
     <span class='ocr_line' id='line_1_9' title="bbox 250 1034 1308 1119; baseline 0.001 -19"><span class='ocrx_word' id='word_1_62' title='bbox 250 1056 383 1119; x_wconf 75' lang='lat' dir='ltr'><strong>acquum</strong></span> <span class='ocrx_word' id='word_1_63' title='bbox 399 1034 584 1114; x_wconf 82' lang='lat' dir='ltr'><strong>videbatur,</strong></span> <span class='ocrx_word' id='word_1_64' title='bbox 602 1035 729 1100; x_wconf 78' lang='lat' dir='ltr'><strong>easdem</strong></span> <span class='ocrx_word' id='word_1_65' title='bbox 744 1056 763 1098; x_wconf 89' lang='lat' dir='ltr'><strong>a</strong></span> <span class='ocrx_word' id='word_1_66' title='bbox 778 1034 878 1100; x_wconf 82' lang='lat' dir='ltr'><strong>tutela</strong></span> <span class='ocrx_word' id='word_1_67' title='bbox 894 1057 1061 1103; x_wconf 80' lang='lat' dir='ltr'><strong>excusare.</strong></span> <span class='ocrx_word' id='word_1_68' title='bbox 1307 1085 1308 1092; x_wconf 18' lang='grc' dir='ltr'><strong>κ</strong></span> 
     </span>
     <span class='ocr_line' id='line_1_10' title="bbox 295 1115 1309 1212; baseline 0.01 -26"><span class='ocrx_word' id='word_1_69' title='bbox 295 1123 341 1186; x_wconf 85' lang='grc' dir='ltr'><strong>ΙΙ.</strong></span> <span class='ocrx_word' id='word_1_70' title='bbox 356 1121 626 1202; x_wconf 78' lang='lat' dir='ltr'><strong>Observandum,</strong></span> <span class='ocrx_word' id='word_1_71' title='bbox 641 1123 839 1188; x_wconf 84' lang='lat' dir='ltr'><strong>vocabulum</strong></span> <span class='ocrx_word' id='word_1_72' title='bbox 861 1148 1022 1190; x_wconf 70' lang='lat' dir='ltr'><strong>excusare</strong></span> <span class='ocrx_word' id='word_1_73' title='bbox 1042 1126 1130 1192; x_wconf 87' lang='lat' dir='ltr'><strong>aliud</strong></span> <span class='ocrx_word' id='word_1_74' title='bbox 1149 1125 1259 1212; x_wconf 86' lang='lat' dir='ltr'><strong>siguifi-</strong></span> <span class='ocrx_word' id='word_1_75' title='bbox 1307 1115 1309 1196; x_wconf 72' lang='lat' dir='ltr'><strong>i</strong></span> 
     </span>
     <span class='ocr_line' id='line_1_11' title="bbox 250 1211 1309 1291; baseline 0.004 -15"><span class='ocrx_word' id='word_1_76' title='bbox 250 1233 325 1276; x_wconf 87' lang='lat' dir='ltr'><strong>care</strong></span> <span class='ocrx_word' id='word_1_77' title='bbox 354 1211 612 1291; x_wconf 85' lang='lat' dir='ltr'><strong>Grammaticis,</strong></span> <span class='ocrx_word' id='word_1_78' title='bbox 642 1211 732 1276; x_wconf 83' lang='lat' dir='ltr'><strong>aliud</strong></span> <span class='ocrx_word' id='word_1_79' title='bbox 766 1213 1016 1280; x_wconf 83' lang='lat' dir='ltr'><strong>lurisoonsultis·</strong></span> <span class='ocrx_word' id='word_1_80' title='bbox 1047 1213 1259 1280; x_wconf 75' lang='lat' dir='ltr'><strong>Grammaticis</strong></span> <span class='ocrx_word' id='word_1_81' title='bbox 1308 1213 1309 1216; x_wconf 51' lang='lat'>&#39;</span> 
     </span>
     <span class='ocr_line' id='line_1_12' title="bbox 249 1300 1309 1389; baseline 0.008 -24"><span class='ocrx_word' id='word_1_82' title='bbox 249 1323 405 1370; x_wconf 85' lang='lat' dir='ltr'><strong>excusare</strong></span> <span class='ocrx_word' id='word_1_83' title='bbox 416 1312 462 1366; x_wconf 87' lang='lat' dir='ltr'><strong>est</strong></span> <span class='ocrx_word' id='word_1_84' title='bbox 475 1324 495 1365; x_wconf 85' lang='lat' dir='ltr'><strong>a</strong></span> <span class='ocrx_word' id='word_1_85' title='bbox 508 1323 619 1366; x_wconf 81' lang='lat' dir='ltr'><strong>caussa</strong></span> <span class='ocrx_word' id='word_1_86' title='bbox 632 1300 774 1380; x_wconf 87' lang='lat' dir='ltr'><strong>dictum,</strong></span> <span class='ocrx_word' id='word_1_87' title='bbox 790 1301 934 1388; x_wconf 81' lang='lat' dir='ltr'><strong>adeoque</strong></span> <span class='ocrx_word' id='word_1_88' title='bbox 954 1303 1041 1369; x_wconf 87' lang='lat' dir='ltr'><strong>idem</strong></span> <span class='ocrx_word' id='word_1_89' title='bbox 1061 1303 1211 1389; x_wconf 79' lang='lat' dir='ltr'><strong>siguificat</strong></span> <span class='ocrx_word' id='word_1_90' title='bbox 1228 1326 1258 1370; x_wconf 85' lang='lat' dir='ltr'><strong>ac</strong></span> <span class='ocrx_word' id='word_1_91' title='bbox 1308 1371 1309 1374; x_wconf 74' lang='grc'>,</span> 
     </span>
     <span class='ocr_line' id='line_1_13' title="bbox 248 1389 1309 1480; baseline 0 -24"><span class='ocrx_word' id='word_1_92' title='bbox 248 1414 409 1456; x_wconf 83' lang='lat' dir='ltr'><strong>caussam</strong></span> <span class='ocrx_word' id='word_1_93' title='bbox 423 1390 590 1478; x_wconf 81' lang='lat' dir='ltr'><strong>allegare,</strong></span> <span class='ocrx_word' id='word_1_94' title='bbox 606 1414 669 1454; x_wconf 84' lang='lat' dir='ltr'><strong>eur</strong></span> <span class='ocrx_word' id='word_1_95' title='bbox 686 1389 764 1477; x_wconf 83' lang='lat' dir='ltr'><strong>quis</strong></span> <span class='ocrx_word' id='word_1_96' title='bbox 784 1412 871 1456; x_wconf 79' lang='lat' dir='ltr'><strong>onus</strong></span> <span class='ocrx_word' id='word_1_97' title='bbox 889 1392 1060 1480; x_wconf 69' lang='lat' dir='ltr'><strong>suscipere</strong></span> <span class='ocrx_word' id='word_1_98' title='bbox 1079 1418 1146 1458; x_wconf 84' lang='lat' dir='ltr'><strong>non</strong></span> <span class='ocrx_word' id='word_1_99' title='bbox 1160 1407 1258 1478; x_wconf 77' lang='lat' dir='ltr'><strong>tecea-</strong></span> <span class='ocrx_word' id='word_1_100' title='bbox 1308 1417 1309 1440; x_wconf 69' lang='lat'><em>³</em></span> 
     </span>
     <span class='ocr_line' id='line_1_14' title="bbox 248 1477 1256 1574; baseline 0 -28"><span class='ocrx_word' id='word_1_101' title='bbox 248 1489 317 1546; x_wconf 81' lang='lat' dir='ltr'><strong>tur.</strong></span> <span class='ocrx_word' id='word_1_102' title='bbox 336 1481 382 1544; x_wconf 78' lang='lat' dir='ltr'><strong>Ar</strong></span> <span class='ocrx_word' id='word_1_103' title='bbox 397 1477 648 1544; x_wconf 81' lang='lat' dir='ltr'><strong>Jurecons&#39;ultis</strong></span> <span class='ocrx_word' id='word_1_104' title='bbox 665 1501 827 1551; x_wconf 79' lang='lat' dir='ltr'><strong>excusare</strong></span> <span class='ocrx_word' id='word_1_105' title='bbox 845 1491 895 1544; x_wconf 82' lang='lat' dir='ltr'><strong>est</strong></span> <span class='ocrx_word' id='word_1_106' title='bbox 906 1479 948 1546; x_wconf 87' lang='lat' dir='ltr'><strong>ob</strong></span> <span class='ocrx_word' id='word_1_107' title='bbox 960 1503 1122 1548; x_wconf 82' lang='lat' dir='ltr'><strong>caussam</strong></span> <span class='ocrx_word' id='word_1_108' title='bbox 1131 1505 1256 1574; x_wconf 76' lang='lat' dir='ltr'><strong>grauem</strong></span> 
     </span>
     <span class='ocr_line' id='line_1_15' title="bbox 248 1567 1309 1657; baseline 0.008 -24"><span class='ocrx_word' id='word_1_109' title='bbox 248 1568 401 1657; x_wconf 86' lang='lat' dir='ltr'><strong>aliquem</strong></span> <span class='ocrx_word' id='word_1_110' title='bbox 424 1568 478 1634; x_wconf 77' lang='lat' dir='ltr'><strong>vel</strong></span> <span class='ocrx_word' id='word_1_111' title='bbox 500 1568 645 1634; x_wconf 83' lang='lat' dir='ltr'><strong>liberare</strong></span> <span class='ocrx_word' id='word_1_112' title='bbox 661 1567 720 1634; x_wconf 77' lang='lat' dir='ltr'><strong>-vel</strong></span> <span class='ocrx_word' id='word_1_113' title='bbox 741 1591 810 1632; x_wconf 81' lang='lat' dir='ltr'><strong>non</strong></span> <span class='ocrx_word' id='word_1_114' title='bbox 836 1568 1025 1634; x_wconf 75' lang='lat' dir='ltr'><strong>admittere.</strong></span> <span class='ocrx_word' id='word_1_115' title='bbox 1053 1571 1107 1636; x_wconf 86' lang='lat' dir='ltr'><strong>Sic</strong></span> <span class='ocrx_word' id='word_1_116' title='bbox 1127 1595 1154 1635; x_wconf 79' lang='lat' dir='ltr'><strong>e.</strong></span> <span class='ocrx_word' id='word_1_117' title='bbox 1181 1570 1257 1656; x_wconf 58' lang='lat' dir='ltr'><strong>piu</strong></span> <span class='ocrx_word' id='word_1_118' title='bbox 1308 1633 1309 1642; x_wconf 70' lang='grc'>,</span> 
     </span>
     <span class='ocr_line' id='line_1_16' title="bbox 248 1655 1309 1752; baseline -0.001 -30"><span class='ocrx_word' id='word_1_119' title='bbox 248 1657 272 1722; x_wconf 85' lang='lat' dir='ltr'><strong>l.</strong></span> <span class='ocrx_word' id='word_1_120' title='bbox 290 1681 324 1735; x_wconf 70' lang='grc' dir='ltr'><strong>ι,</strong></span> <span class='ocrx_word' id='word_1_121' title='bbox 343 1659 374 1742; x_wconf 68' lang='lat' dir='ltr'><strong>S.</strong></span> <span class='ocrx_word' id='word_1_122' title='bbox 388 1659 429 1740; x_wconf 83' lang='lat'><strong>3,</strong></span> <span class='ocrx_word' id='word_1_123' title='bbox 442 1655 490 1748; x_wconf 85' lang='lat' dir='ltr'><em>ff</em></span> <span class='ocrx_word' id='word_1_124' title='bbox 507 1657 549 1724; x_wconf 81' lang='lat' dir='ltr'><strong>dc</strong></span> <span class='ocrx_word' id='word_1_125' title='bbox 564 1657 690 1744; x_wconf 76' lang='lat' dir='ltr'><strong>portel.</strong></span> <span class='ocrx_word' id='word_1_126' title='bbox 706 1656 784 1722; x_wconf 89' lang='lat' dir='ltr'><strong>dicit</strong></span> <span class='ocrx_word' id='word_1_127' title='bbox 799 1656 983 1752; x_wconf 83' lang='lat' dir='ltr'><strong>Ulpianus:</strong></span> <span class='ocrx_word' id='word_1_128' title='bbox 1000 1659 1143 1728; x_wconf 77' lang='lat' dir='ltr'><strong>initium</strong></span> <span class='ocrx_word' id='word_1_129' title='bbox 1160 1672 1257 1726; x_wconf 82' lang='lat' dir='ltr'><strong>autem</strong></span> <span class='ocrx_word' id='word_1_130' title='bbox 1308 1667 1309 1670; x_wconf 76' lang='grc'>’</span> 
     </span>
     <span class='ocr_line' id='line_1_17' title="bbox 236 1745 1309 1835; baseline -0.002 -23"><span class='ocrx_word' id='word_1_131' title='bbox 236 1745 326 1835; x_wconf 83' lang='lat' dir='ltr'><strong>fecit</strong></span> <span class='ocrx_word' id='word_1_132' title='bbox 336 1758 470 1833; x_wconf 79' lang='lat' dir='ltr'><strong>proetor</strong></span> <span class='ocrx_word' id='word_1_133' title='bbox 486 1745 531 1814; x_wconf 85' lang='lat' dir='ltr'><strong>ab</strong></span> <span class='ocrx_word' id='word_1_134' title='bbox 550 1747 623 1824; x_wconf 80' lang='lat' dir='ltr'><strong>laia,</strong></span> <span class='ocrx_word' id='word_1_135' title='bbox 644 1745 706 1832; x_wconf 81' lang='lat' dir='ltr'><strong>qui</strong></span> <span class='ocrx_word' id='word_1_136' title='bbox 728 1747 766 1812; x_wconf 83' lang='lat' dir='ltr'><strong>io</strong></span> <span class='ocrx_word' id='word_1_137' title='bbox 789 1757 898 1813; x_wconf 87' lang='lat' dir='ltr'><strong>tolum</strong></span> <span class='ocrx_word' id='word_1_138' title='bbox 912 1747 1143 1833; x_wconf 76' lang='lat' dir='ltr'><strong>prohibentur</strong></span> <span class='ocrx_word' id='word_1_139' title='bbox 1155 1759 1256 1835; x_wconf 81' lang='lat' dir='ltr'><strong>postu·</strong></span> <span class='ocrx_word' id='word_1_140' title='bbox 1308 1801 1309 1820; x_wconf 63' lang='grc'>,</span> 
     </span>
     <span class='ocr_line' id='line_1_18' title="bbox 246 1835 1254 1924; baseline 0 -24"><span class='ocrx_word' id='word_1_141' title='bbox 246 1836 332 1916; x_wconf 81' lang='lat' dir='ltr'><strong>lare,</strong></span> <span class='ocrx_word' id='word_1_142' title='bbox 349 1836 387 1900; x_wconf 86' lang='lat' dir='ltr'><strong>in</strong></span> <span class='ocrx_word' id='word_1_143' title='bbox 402 1859 467 1924; x_wconf 86' lang='lat' dir='ltr'><strong>quo</strong></span> <span class='ocrx_word' id='word_1_144' title='bbox 480 1835 588 1900; x_wconf 80' lang='lat' dir='ltr'><strong>edicto</strong></span> <span class='ocrx_word' id='word_1_145' title='bbox 602 1849 665 1899; x_wconf 86' lang='lat' dir='ltr'><strong>aut</strong></span> <span class='ocrx_word' id='word_1_146' title='bbox 672 1836 861 1920; x_wconf 79' lang='lat' dir='ltr'><strong>pueritiam</strong></span> <span class='ocrx_word' id='word_1_147' title='bbox 872 1847 1067 1904; x_wconf 74' lang='lat' dir='ltr'><strong>sulcorum</strong></span> <span class='ocrx_word' id='word_1_148' title='bbox 1079 1839 1254 1914; x_wconf 77' lang='lat' dir='ltr'><strong>excusavit3</strong></span> 
     </span>
     <span class='ocr_line' id='line_1_19' title="bbox 247 1923 1309 2022; baseline -0.003 -32"><span class='ocrx_word' id='word_1_149' title='bbox 247 1925 303 1990; x_wconf 92' lang='lat' dir='ltr'><strong>ubi</strong></span> <span class='ocrx_word' id='word_1_150' title='bbox 324 1947 401 1991; x_wconf 86' lang='lat' dir='ltr'><strong>saue</strong></span> <span class='ocrx_word' id='word_1_151' title='bbox 424 1948 585 1990; x_wconf 79' lang='lat' dir='ltr'><strong>excusare</strong></span> <span class='ocrx_word' id='word_1_152' title='bbox 606 1923 760 1988; x_wconf 81' lang='lat' dir='ltr'><strong>idem‘est</strong></span> <span class='ocrx_word' id='word_1_153' title='bbox 783 1945 822 1988; x_wconf 93' lang='lat' dir='ltr'><strong>ac</strong></span> <span class='ocrx_word' id='word_1_154' title='bbox 842 1924 1025 2012; x_wconf 89' lang='lat' dir='ltr'><strong>prohibere.</strong></span> <span class='ocrx_word' id='word_1_155' title='bbox 1049 1927 1168 1990; x_wconf 72' lang='lat' dir='ltr'><strong>Pueros·</strong></span> <span class='ocrx_word' id='word_1_156' title='bbox 1184 1925 1256 1990; x_wconf 90' lang='lat' dir='ltr'><strong>euim</strong></span> <span class='ocrx_word' id='word_1_157' title='bbox 1308 1941 1309 2022; x_wconf 47' lang='lat' dir='ltr'><strong>p</strong></span> 
     </span>
     <span class='ocr_line' id='line_1_20' title="bbox 244 2013 1309 2104; baseline -0.002 -26"><span class='ocrx_word' id='word_1_158' title='bbox 244 2025 276 2078; x_wconf 89' lang='lat' dir='ltr'><strong>et</strong></span> <span class='ocrx_word' id='word_1_159' title='bbox 290 2016 403 2079; x_wconf 86' lang='lat' dir='ltr'><strong>surdos</strong></span> <span class='ocrx_word' id='word_1_160' title='bbox 424 2036 494 2080; x_wconf 87' lang='lat' dir='ltr'><strong>non</strong></span> <span class='ocrx_word' id='word_1_161' title='bbox 514 2013 698 2078; x_wconf 85' lang='lat' dir='ltr'><strong>admitteret</strong></span> <span class='ocrx_word' id='word_1_162' title='bbox 719 2013 999 2101; x_wconf 83' lang='lat' dir='ltr'><strong>p1·aetor,etiamsi</strong></span> <span class='ocrx_word' id='word_1_163' title='bbox 1021 2015 1143 2104; x_wconf 77' lang='lat' dir='ltr'><strong>vellept</strong></span> <span class='ocrx_word' id='word_1_164' title='bbox 1161 2027 1257 2103; x_wconf 87' lang='lat' dir='ltr'><strong>postu·</strong></span> <span class='ocrx_word' id='word_1_165' title='bbox 1306 2061 1309 2102; x_wconf 67' lang='lat'><strong>,</strong></span> 
     </span>
     <span class='ocr_line' id='line_1_21' title="bbox 244 2101 1309 2197; baseline -0.002 -29"><span class='ocrx_word' id='word_1_166' title='bbox 244 2103 312 2169; x_wconf 89' lang='lat' dir='ltr'><strong>lare</strong></span> <span class='ocrx_word' id='word_1_167' title='bbox 327 2151 335 2182; x_wconf 92' lang='lat'><strong>,</strong></span> <span class='ocrx_word' id='word_1_168' title='bbox 357 2115 388 2168; x_wconf 87' lang='lat' dir='ltr'><strong>et</strong></span> <span class='ocrx_word' id='word_1_169' title='bbox 404 2113 515 2167; x_wconf 86' lang='lat' dir='ltr'><strong>tamen</strong></span> <span class='ocrx_word' id='word_1_170' title='bbox 529 2125 581 2166; x_wconf 90' lang='lat' dir='ltr'><strong>eos</strong></span> <span class='ocrx_word' id='word_1_171' title='bbox 594 2123 747 2167; x_wconf 77' lang='lat' dir='ltr'><strong>excusare</strong></span> <span class='ocrx_word' id='word_1_172' title='bbox 763 2101 891 2166; x_wconf 88' lang='lat' dir='ltr'><strong>dicitur.</strong></span> <span class='ocrx_word' id='word_1_173' title='bbox 905 2103 1029 2169; x_wconf 88' lang='lat' dir='ltr'><strong>Eodem</strong></span> <span class='ocrx_word' id='word_1_174' title='bbox 1042 2126 1135 2168; x_wconf 87' lang='lat' dir='ltr'><strong>sensu</strong></span> <span class='ocrx_word' id='word_1_175' title='bbox 1151 2105 1180 2168; x_wconf 88' lang='lat' dir='ltr'><strong>in</strong></span> <span class='ocrx_word' id='word_1_176' title='bbox 1194 2103 1213 2167; x_wconf 90' lang='lat' dir='ltr'><strong>l.</strong></span> <span class='ocrx_word' id='word_1_177' title='bbox 1225 2124 1255 2182; x_wconf 88' lang='lat'><strong>2,</strong></span> <span class='ocrx_word' id='word_1_178' title='bbox 1308 2161 1309 2197; x_wconf 54' lang='lat'><strong>,</strong></span> 
     </span>
     <span class='ocr_line' id='line_1_22' title="bbox 234 2191 1256 2282; baseline -0.003 -24"><span class='ocrx_word' id='word_1_179' title='bbox 234 2191 282 2282; x_wconf 84' lang='lat' dir='ltr'><em>ff</em></span> <span class='ocrx_word' id='word_1_180' title='bbox 295 2193 336 2258; x_wconf 84' lang='lat' dir='ltr'><strong>de</strong></span> <span class='ocrx_word' id='word_1_181' title='bbox 348 2193 520 2258; x_wconf 81' lang='lat' dir='ltr'><strong>decurion.</strong></span> <span class='ocrx_word' id='word_1_182' title='bbox 535 2192 630 2281; x_wconf 89' lang='lat' dir='ltr'><strong>pueri</strong></span> <span class='ocrx_word' id='word_1_183' title='bbox 642 2191 797 2256; x_wconf 88' lang='lat' dir='ltr'><strong>dicuntur</strong></span> <span class='ocrx_word' id='word_1_184' title='bbox 808 2215 830 2256; x_wconf 89' lang='lat' dir='ltr'><strong>a</strong></span> <span class='ocrx_word' id='word_1_185' title='bbox 842 2191 1069 2258; x_wconf 75' lang='lat' dir='ltr'><strong>decurionum</strong></span> <span class='ocrx_word' id='word_1_186' title='bbox 1083 2195 1131 2258; x_wconf 84' lang='lat' dir='ltr'><strong>ad</strong></span> <span class='ocrx_word' id='word_1_187' title='bbox 1142 2205 1256 2280; x_wconf 78' lang='lat' dir='ltr'><strong>tempus</strong></span> 
     </span>
     <span class='ocr_line' id='line_1_23' title="bbox 245 2279 1307 2368; baseline -0.004 -20"><span class='ocrx_word' id='word_1_188' title='bbox 245 2284 422 2358; x_wconf 81' lang='lat' dir='ltr'><strong>excusari,</strong></span> <span class='ocrx_word' id='word_1_189' title='bbox 445 2284 466 2344; x_wconf 84' lang='lat' dir='ltr'><strong>i.</strong></span> <span class='ocrx_word' id='word_1_190' title='bbox 488 2305 517 2346; x_wconf 89' lang='lat' dir='ltr'><strong>e.</strong></span> <span class='ocrx_word' id='word_1_191' title='bbox 543 2279 728 2366; x_wconf 67' lang='lat' dir='ltr'><strong>prohiberi,</strong></span> <span class='ocrx_word' id='word_1_192' title='bbox 747 2279 804 2344; x_wconf 93' lang='lat' dir='ltr'><strong>ubi</strong></span> <span class='ocrx_word' id='word_1_193' title='bbox 830 2281 962 2368; x_wconf 91' lang='lat' dir='ltr'><strong>quidem</strong></span> <span class='ocrx_word' id='word_1_194' title='bbox 987 2281 1102 2367; x_wconf 85' lang='lat' dir='ltr'><strong>Cujac.</strong></span> <span class='ocrx_word' id='word_1_195' title='bbox 1133 2281 1254 2348; x_wconf 78' lang='lat' dir='ltr'><strong>Obserc.</strong></span> <span class='ocrx_word' id='word_1_196' title='bbox 1306 2333 1307 2356; x_wconf 42' lang='lat'>2</span> 
     </span>
     <span class='ocr_line' id='line_1_24' title="bbox 245 2369 1256 2458; baseline -0.001 -24"><span class='ocrx_word' id='word_1_197' title='bbox 245 2371 305 2436; x_wconf 80' lang='lat' dir='ltr'><strong>lib.</strong></span> <span class='ocrx_word' id='word_1_198' title='bbox 330 2370 493 2448; x_wconf 86' lang='lat' dir='ltr'><em>XXVI,</em></span> <span class='ocrx_word' id='word_1_199' title='bbox 510 2371 575 2450; x_wconf 81' lang='lat'><strong>33,</strong></span> <span class='ocrx_word' id='word_1_200' title='bbox 595 2369 757 2456; x_wconf 86' lang='lat' dir='ltr'><strong>ingeniose</strong></span> <span class='ocrx_word' id='word_1_201' title='bbox 772 2369 947 2456; x_wconf 86' lang='lat' dir='ltr'><strong>legendum</strong></span> <span class='ocrx_word' id='word_1_202' title='bbox 971 2381 1066 2458; x_wconf 87' lang='lat' dir='ltr'><strong>putat</strong></span> <span class='ocrx_word' id='word_1_203' title='bbox 1090 2373 1256 2436; x_wconf 75' lang='lat' dir='ltr'><strong>excorian-</strong></span> 
     </span>
     <span class='ocr_line' id='line_1_25' title="bbox 244 2457 1253 2546; baseline -0.004 -22"><span class='ocrx_word' id='word_1_204' title='bbox 244 2469 318 2540; x_wconf 82' lang='lat' dir='ltr'><strong>tur,</strong></span> <span class='ocrx_word' id='word_1_205' title='bbox 333 2460 385 2524; x_wconf 83' lang='lat' dir='ltr'><strong>sed</strong></span> <span class='ocrx_word' id='word_1_206' title='bbox 400 2461 467 2522; x_wconf 88' lang='lat' dir='ltr'><strong>siue</strong></span> <span class='ocrx_word' id='word_1_207' title='bbox 483 2457 663 2524; x_wconf 81' lang='lat' dir='ltr'><strong>necessitate</strong></span> <span class='ocrx_word' id='word_1_208' title='bbox 678 2459 829 2524; x_wconf 85' lang='lat' dir='ltr'><strong>emendat</strong></span> <span class='ocrx_word' id='word_1_209' title='bbox 850 2469 980 2522; x_wconf 82' lang='lat' dir='ltr'><strong>textum</strong></span> <span class='ocrx_word' id='word_1_210' title='bbox 1000 2460 1076 2527; x_wconf 86' lang='lat' dir='ltr'><strong>salis</strong></span> <span class='ocrx_word' id='word_1_211' title='bbox 1092 2461 1253 2546; x_wconf 83' lang='lat' dir='ltr'><strong>integrum.</strong></span> 
     </span>
     <span class='ocr_line' id='line_1_26' title="bbox 242 2529 1307 2636; baseline 0.003 -23"><span class='ocrx_word' id='word_1_212' title='bbox 242 2549 408 2614; x_wconf 85' lang='lat' dir='ltr'><strong>Excusare</strong></span> <span class='ocrx_word' id='word_1_213' title='bbox 422 2569 500 2634; x_wconf 86' lang='lat' dir='ltr'><strong>ergo</strong></span> <span class='ocrx_word' id='word_1_214' title='bbox 515 2547 754 2615; x_wconf 89' lang='lat' dir='ltr'><strong>lurisconsultis</strong></span> <span class='ocrx_word' id='word_1_215' title='bbox 766 2559 799 2612; x_wconf 89' lang='lat' dir='ltr'><strong>et</strong></span> <span class='ocrx_word' id='word_1_216' title='bbox 814 2570 937 2615; x_wconf 67' lang='lat' dir='ltr'><strong>caumas</strong></span> <span class='ocrx_word' id='word_1_217' title='bbox 955 2547 1096 2636; x_wconf 77' lang='lat' dir='ltr'><strong>allegare</strong></span> <span class='ocrx_word' id='word_1_218' title='bbox 1112 2548 1255 2634; x_wconf 86' lang='lat' dir='ltr'><strong>significat</strong></span> <span class='ocrx_word' id='word_1_219' title='bbox 1304 2529 1307 2616; x_wconf 88' lang='lat' dir='ltr'><strong>i</strong></span> 
     </span>
     <span class='ocr_line' id='line_1_27' title="bbox 242 2630 1307 2727; baseline -0.005 -24"><span class='ocrx_word' id='word_1_220' title='bbox 242 2650 274 2704; x_wconf 91' lang='lat' dir='ltr'><strong>et</strong></span> <span class='ocrx_word' id='word_1_221' title='bbox 290 2636 484 2727; x_wconf 80' lang='lat' dir='ltr'><strong>prohibere3</strong></span> <span class='ocrx_word' id='word_1_222' title='bbox 505 2659 580 2726; x_wconf 69' lang='lat' dir='ltr'><strong>quas</strong></span> <span class='ocrx_word' id='word_1_223' title='bbox 595 2635 787 2724; x_wconf 85' lang='lat' dir='ltr'><strong>significatio</strong></span> <span class='ocrx_word' id='word_1_224' title='bbox 808 2636 896 2701; x_wconf 88' lang='lat' dir='ltr'><strong>vocis</strong></span> <span class='ocrx_word' id='word_1_225' title='bbox 917 2648 986 2700; x_wconf 91' lang='lat' dir='ltr'><strong>tam</strong></span> <span class='ocrx_word' id='word_1_226' title='bbox 1009 2648 1056 2701; x_wconf 92' lang='lat' dir='ltr'><strong>est</strong></span> <span class='ocrx_word' id='word_1_227' title='bbox 1079 2638 1253 2723; x_wconf 84' lang='lat' dir='ltr'><strong>singularis,</strong></span> <span class='ocrx_word' id='word_1_228' title='bbox 1303 2630 1307 2683; x_wconf 77' lang='lat' dir='ltr'><strong>i</strong></span> 
     </span>
     <span class='ocr_line' id='line_1_28' title="bbox 241 2715 1308 2816; baseline -0.004 -22"><span class='ocrx_word' id='word_1_229' title='bbox 241 2739 279 2794; x_wconf 90' lang='lat' dir='ltr'><strong>ut</strong></span> <span class='ocrx_word' id='word_1_230' title='bbox 291 2725 494 2816; x_wconf 84' lang='lat' dir='ltr'><strong>Theophilus</strong></span> <span class='ocrx_word' id='word_1_231' title='bbox 513 2737 545 2792; x_wconf 88' lang='lat' dir='ltr'><strong>et</strong></span> <span class='ocrx_word' id='word_1_232' title='bbox 563 2727 679 2814; x_wconf 90' lang='lat' dir='ltr'><strong>reliqui</strong></span> <span class='ocrx_word' id='word_1_233' title='bbox 693 2727 711 2792; x_wconf 88' lang='lat' dir='ltr'>J</span> <span class='ocrx_word' id='word_1_234' title='bbox 713 2725 915 2790; x_wconf 85' lang='lat' dir='ltr'><strong>urisconsulti</strong></span> <span class='ocrx_word' id='word_1_235' title='bbox 928 2725 1043 2812; x_wconf 86' lang='lat' dir='ltr'><strong>graeei,</strong></span> <span class='ocrx_word' id='word_1_236' title='bbox 1056 2749 1162 2814; x_wconf 39' lang='lat' dir='ltr'><strong>,quum</strong></span> <span class='ocrx_word' id='word_1_237' title='bbox 1178 2725 1255 2792; x_wconf 85' lang='lat' dir='ltr'><strong>vide·</strong></span> <span class='ocrx_word' id='word_1_238' title='bbox 1306 2715 1308 2790; x_wconf 74' lang='lat' dir='ltr'><strong>i</strong></span> 
     </span>
     <span class='ocr_line' id='line_1_29' title="bbox 240 2813 1306 2904; baseline -0.008 -20"><span class='ocrx_word' id='word_1_239' title='bbox 240 2813 330 2897; x_wconf 72' lang='lat' dir='ltr'><strong>reiut,</strong></span> <span class='ocrx_word' id='word_1_240' title='bbox 345 2817 475 2882; x_wconf 90' lang='lat' dir='ltr'><strong>nullum</strong></span> <span class='ocrx_word' id='word_1_241' title='bbox 489 2815 523 2881; x_wconf 91' lang='lat' dir='ltr'><strong>in</strong></span> <span class='ocrx_word' id='word_1_242' title='bbox 537 2816 648 2904; x_wconf 85' lang='lat' dir='ltr'><strong>lingua</strong></span> <span class='ocrx_word' id='word_1_243' title='bbox 659 2839 715 2880; x_wconf 85' lang='lat' dir='ltr'><strong>sua</strong></span> <span class='ocrx_word' id='word_1_244' title='bbox 728 2838 791 2882; x_wconf 86' lang='lat' dir='ltr'><strong>esse</strong></span> <span class='ocrx_word' id='word_1_245' title='bbox 805 2815 1004 2880; x_wconf 86' lang='lat' dir='ltr'><strong>vocabulum</strong></span> <span class='ocrx_word' id='word_1_246' title='bbox 1015 2817 1158 2899; x_wconf 87' lang='lat' dir='ltr'><strong>ejusdem</strong></span> <span class='ocrx_word' id='word_1_247' title='bbox 1169 2813 1254 2901; x_wconf 84' lang='lat' dir='ltr'><strong>signi·</strong></span> <span class='ocrx_word' id='word_1_248' title='bbox 1305 2893 1306 2898; x_wconf 8' lang='grc' dir='ltr'>η</span> 
     </span>
     <span class='ocr_line' id='line_1_30' title="bbox 240 2883 1308 2992; baseline -0.008 -19"><span class='ocrx_word' id='word_1_249' title='bbox 240 2907 416 2988; x_wconf 87' lang='lat' dir='ltr'><strong>ficationis,</strong></span> <span class='ocrx_word' id='word_1_250' title='bbox 438 2905 579 2970; x_wconf 88' lang='lat' dir='ltr'><strong>latinum</strong></span> <span class='ocrx_word' id='word_1_251' title='bbox 603 2906 742 2971; x_wconf 89' lang='lat' dir='ltr'><strong>retinere</strong></span> <span class='ocrx_word' id='word_1_252' title='bbox 766 2905 928 2986; x_wconf 80' lang='lat' dir='ltr'><strong>mallent,</strong></span> <span class='ocrx_word' id='word_1_253' title='bbox 954 2916 986 2969; x_wconf 90' lang='lat' dir='ltr'><strong>et</strong></span> <span class='ocrx_word' id='word_1_254' title='bbox 1008 2903 1084 2992; x_wconf 69' lang='lat' dir='ltr'><strong>inde</strong></span> <span class='ocrx_word' id='word_1_255' title='bbox 1109 2905 1254 2992; x_wconf 86' lang='lat' dir='ltr'><strong>fingerent</strong></span> <span class='ocrx_word' id='word_1_256' title='bbox 1307 2883 1308 2922; x_wconf 54' lang='lat'>¹</span> 
     </span>
     <span class='ocr_line' id='line_1_31' title="bbox 240 2991 1308 3086; baseline -0.007 -24"><span class='ocrx_word' id='word_1_257' title='bbox 240 3019 387 3086; x_wconf 73' lang='lat' dir='ltr'><strong>graccum</strong></span> <span class='ocrx_word' id='word_1_258' title='bbox 403 2995 758 3082; x_wconf 53' lang='lat' dir='ltr'><strong>tineosum-Quaedam</strong></span> <span class='ocrx_word' id='word_1_259' title='bbox 794 2995 925 3059; x_wconf 87' lang='lat' dir='ltr'><strong>raeclare</strong></span> <span class='ocrx_word' id='word_1_260' title='bbox 936 2994 972 3058; x_wconf 89' lang='lat' dir='ltr'><strong>iu</strong></span> <span class='ocrx_word' id='word_1_261' title='bbox 982 2991 1069 3058; x_wconf 82' lang='lat' dir='ltr'><strong>hano</strong></span> <span class='ocrx_word' id='word_1_262' title='bbox 1080 2994 1254 3064; x_wconf 87' lang='lat' dir='ltr'><strong>remobser·</strong></span> <span class='ocrx_word' id='word_1_263' title='bbox 1305 3043 1308 3074; x_wconf 17' lang='lat'><strong>1,</strong></span> 
     </span>
     <span class='ocr_line' id='line_1_32' title="bbox 240 3083 1308 3176; baseline -0.007 -23"><span class='ocrx_word' id='word_1_264' title='bbox 240 3085 601 3176; x_wconf 61' lang='lat' dir='ltr'><strong>vavitlltsnlershoel,</strong></span> <span class='ocrx_word' id='word_1_265' title='bbox 619 3083 744 3150; x_wconf 60' lang='lat' dir='ltr'><strong>oua]</strong></span> <span class='ocrx_word' id='word_1_266' title='bbox 784 3105 869 3166; x_wconf 72' lang='lat' dir='ltr'><strong>,am</strong></span> <span class='ocrx_word' id='word_1_267' title='bbox 914 3159 917 3172; x_wconf 42' lang='lat'><strong>,</strong></span> <span class='ocrx_word' id='word_1_268' title='bbox 1142 3085 1144 3090; x_wconf 77' lang='grc'>’</span> <span class='ocrx_word' id='word_1_269' title='bbox 1305 3101 1308 3164; x_wconf 64' lang='lat' dir='ltr'>j</span> 
     </span>
     <span class='ocr_line' id='line_1_33' title="bbox 286 3171 1306 3262; baseline -0.008 -24"><span class='ocrx_word' id='word_1_270' title='bbox 286 3177 349 3242; x_wconf 85' lang='lat' dir='ltr'><strong>lli.</strong></span> <span class='ocrx_word' id='word_1_271' title='bbox 374 3177 449 3241; x_wconf 84' lang='lat' dir='ltr'><strong>lam</strong></span> <span class='ocrx_word' id='word_1_272' title='bbox 470 3173 564 3240; x_wconf 84' lang='lat' dir='ltr'><strong>facile</strong></span> <span class='ocrx_word' id='word_1_273' title='bbox 582 3173 812 3259; x_wconf 84' lang='lat' dir='ltr'><strong>intelligimus,</strong></span> <span class='ocrx_word' id='word_1_274' title='bbox 830 3171 1040 3262; x_wconf 78' lang='lat' dir='ltr'><strong>quotuplices</strong></span> <span class='ocrx_word' id='word_1_275' title='bbox 1054 3171 1119 3237; x_wconf 89' lang='lat' dir='ltr'><strong>sint</strong></span> <span class='ocrx_word' id='word_1_276' title='bbox 1132 3187 1255 3236; x_wconf 84' lang='lat' dir='ltr'><strong>excusa·</strong></span> <span class='ocrx_word' id='word_1_277' title='bbox 1305 3185 1306 3210; x_wconf 51' lang='lat' dir='ltr'><strong>i</strong></span> 
     </span>
     <span class='ocr_line' id='line_1_34' title="bbox 239 3262 1253 3331; baseline -0.01 -1"><span class='ocrx_word' id='word_1_278' title='bbox 239 3265 342 3331; x_wconf 88' lang='lat' dir='ltr'><strong>tiones</strong></span> <span class='ocrx_word' id='word_1_279' title='bbox 355 3276 503 3331; x_wconf 86' lang='lat' dir='ltr'><strong>tutorum</strong></span> <span class='ocrx_word' id='word_1_280' title='bbox 517 3277 551 3330; x_wconf 88' lang='lat' dir='ltr'><strong>et</strong></span> <span class='ocrx_word' id='word_1_281' title='bbox 561 3275 762 3328; x_wconf 79' lang='lat' dir='ltr'><strong>curatorum.</strong></span> <span class='ocrx_word' id='word_1_282' title='bbox 780 3262 980 3328; x_wconf 84' lang='lat' dir='ltr'><strong>Dividuntur</strong></span> <span class='ocrx_word' id='word_1_283' title='bbox 994 3262 1082 3326; x_wconf 91' lang='lat' dir='ltr'><strong>enim</strong></span> <span class='ocrx_word' id='word_1_284' title='bbox 1098 3276 1138 3326; x_wconf 84' lang='lat'><strong>1⁰.</strong></span> <span class='ocrx_word' id='word_1_285' title='bbox 1155 3263 1188 3325; x_wconf 83' lang='lat' dir='ltr'><strong>ic</strong></span> <span class='ocrx_word' id='word_1_286' title='bbox 1204 3280 1253 3322; x_wconf 79' lang='lat' dir='ltr'><strong>oc·</strong></span> 
     </span>
     <span class='ocr_line' id='line_1_35' title="bbox 241 3347 1253 3442; baseline -0.012 -21"><span class='ocrx_word' id='word_1_287' title='bbox 241 3355 437 3438; x_wconf 72' lang='lat' dir='ltr'><strong>lucterius,</strong></span> <span class='ocrx_word' id='word_1_288' title='bbox 457 3377 536 3442; x_wconf 83' lang='lat' dir='ltr'><strong>quae</strong></span> <span class='ocrx_word' id='word_1_289' title='bbox 551 3353 717 3441; x_wconf 67' lang='lat' dir='ltr'><strong>oppositae</strong></span> <span class='ocrx_word' id='word_1_290' title='bbox 730 3363 896 3440; x_wconf 84' lang='lat' dir='ltr'><strong>prosunt,</strong></span> <span class='ocrx_word' id='word_1_291' title='bbox 917 3373 944 3414; x_wconf 86' lang='lat' dir='ltr'><strong>e.</strong></span> <span class='ocrx_word' id='word_1_292' title='bbox 961 3373 993 3438; x_wconf 84' lang='lat' dir='ltr'><strong>g.</strong></span> <span class='ocrx_word' id='word_1_293' title='bbox 1009 3373 1164 3416; x_wconf 79' lang='lat' dir='ltr'><strong>uumerus</strong></span> <span class='ocrx_word' id='word_1_294' title='bbox 1181 3347 1253 3412; x_wconf 86' lang='lat' dir='ltr'><strong>libe-</strong></span> 
     </span>
     <span class='ocr_line' id='line_1_36' title="bbox 240 3437 1253 3528; baseline -0.011 -19"><span class='ocrx_word' id='word_1_295' title='bbox 240 3466 367 3509; x_wconf 84' lang='lat' dir='ltr'><strong>rorum.</strong></span> <span class='ocrx_word' id='word_1_296' title='bbox 384 3445 418 3509; x_wconf 89' lang='lat' dir='ltr'><strong>Si</strong></span> <span class='ocrx_word' id='word_1_297' title='bbox 437 3443 593 3528; x_wconf 84' lang='lat' dir='ltr'><strong>allegetur</strong></span> <span class='ocrx_word' id='word_1_298' title='bbox 611 3441 680 3506; x_wconf 84' lang='lat' dir='ltr'><strong>haec</strong></span> <span class='ocrx_word' id='word_1_299' title='bbox 698 3463 828 3522; x_wconf 78' lang='lat' dir='ltr'><strong>caussa,</strong></span> <span class='ocrx_word' id='word_1_300' title='bbox 852 3451 1006 3506; x_wconf 85' lang='lat' dir='ltr'><strong>excusat:</strong></span> <span class='ocrx_word' id='word_1_301' title='bbox 1023 3441 1048 3504; x_wconf 87' lang='lat' dir='ltr'><strong>si</strong></span> <span class='ocrx_word' id='word_1_302' title='bbox 1066 3463 1133 3503; x_wconf 89' lang='lat' dir='ltr'><strong>non</strong></span> <span class='ocrx_word' id='word_1_303' title='bbox 1147 3437 1253 3521; x_wconf 85' lang='lat' dir='ltr'><strong>allege-</strong></span> 
     </span>
     <span class='ocr_line' id='line_1_37' title="bbox 238 3525 1251 3619; baseline -0.013 -20"><span class='ocrx_word' id='word_1_304' title='bbox 238 3545 312 3612; x_wconf 88' lang='lat' dir='ltr'><strong>tur,</strong></span> <span class='ocrx_word' id='word_1_305' title='bbox 329 3533 427 3598; x_wconf 82' lang='lat' dir='ltr'><strong>etism</strong></span> <span class='ocrx_word' id='word_1_306' title='bbox 444 3531 625 3598; x_wconf 87' lang='lat' dir='ltr'><strong>multorum</strong></span> <span class='ocrx_word' id='word_1_307' title='bbox 639 3531 817 3596; x_wconf 87' lang='lat' dir='ltr'><strong>liberorum</strong></span> <span class='ocrx_word' id='word_1_308' title='bbox 835 3551 952 3619; x_wconf 86' lang='lat' dir='ltr'><strong>pareus</strong></span> <span class='ocrx_word' id='word_1_309' title='bbox 975 3541 1109 3616; x_wconf 83' lang='lat' dir='ltr'><strong>cogetur</strong></span> <span class='ocrx_word' id='word_1_310' title='bbox 1128 3525 1251 3591; x_wconf 86' lang='lat' dir='ltr'><strong>tutelam</strong></span> 
     </span>
     <span class='ocr_line' id='line_1_38' title="bbox 238 3613 1251 3712; baseline -0.013 -24"><span class='ocrx_word' id='word_1_311' title='bbox 238 3623 409 3712; x_wconf 78' lang='lat' dir='ltr'><strong>suscipere.</strong></span> <span class='ocrx_word' id='word_1_312' title='bbox 425 3623 466 3686; x_wconf 87' lang='lat' dir='ltr'><strong>Et</strong></span> <span class='ocrx_word' id='word_1_313' title='bbox 482 3628 526 3686; x_wconf 80' lang='lat'><strong>2⁰.</strong></span> <span class='ocrx_word' id='word_1_314' title='bbox 543 3620 771 3699; x_wconf 79' lang='lat' dir='ltr'><strong>necessarius,</strong></span> <span class='ocrx_word' id='word_1_315' title='bbox 791 3643 869 3708; x_wconf 83' lang='lat' dir='ltr'><strong>quoe</strong></span> <span class='ocrx_word' id='word_1_316' title='bbox 890 3620 993 3684; x_wconf 83' lang='lat' dir='ltr'><strong>ellam</strong></span> <span class='ocrx_word' id='word_1_317' title='bbox 1010 3641 1079 3684; x_wconf 82' lang='lat' dir='ltr'><strong>non</strong></span> <span class='ocrx_word' id='word_1_318' title='bbox 1102 3613 1251 3704; x_wconf 77' lang='lat' dir='ltr'><strong>oppositu</strong></span> 
     </span>
     <span class='ocr_line' id='line_1_39' title="bbox 231 3704 1305 3802; baseline -0.015 -21"><span class='ocrx_word' id='word_1_319' title='bbox 231 3711 419 3802; x_wconf 75' lang='lat' dir='ltr'><strong>prohibent</strong></span> <span class='ocrx_word' id='word_1_320' title='bbox 433 3736 456 3776; x_wconf 89' lang='grc' dir='ltr'><em>α</em></span> <span class='ocrx_word' id='word_1_321' title='bbox 472 3711 601 3786; x_wconf 76' lang='lat' dir='ltr'><strong>tutelo3</strong></span> <span class='ocrx_word' id='word_1_322' title='bbox 619 3731 648 3774; x_wconf 90' lang='lat' dir='ltr'><strong>e.</strong></span> <span class='ocrx_word' id='word_1_323' title='bbox 671 3731 703 3797; x_wconf 85' lang='lat' dir='ltr'><strong>g.</strong></span> <span class='ocrx_word' id='word_1_324' title='bbox 724 3709 853 3794; x_wconf 28' lang='lat' dir='ltr'><strong>lie-curn</strong></span> <span class='ocrx_word' id='word_1_325' title='bbox 869 3707 1007 3797; x_wconf 87' lang='lat' dir='ltr'><strong>pupillo.</strong></span> <span class='ocrx_word' id='word_1_326' title='bbox 1023 3709 1109 3772; x_wconf 81' lang='lat' dir='ltr'><strong>Nam</strong></span> <span class='ocrx_word' id='word_1_327' title='bbox 1125 3704 1202 3770; x_wconf 86' lang='lat' dir='ltr'><strong>side</strong></span> <span class='ocrx_word' id='word_1_328' title='bbox 1218 3721 1249 3764; x_wconf 86' lang='lat' dir='ltr'><strong>ea</strong></span> <span class='ocrx_word' id='word_1_329' title='bbox 1301 3752 1305 3765; x_wconf 94' lang='lat'><em>.</em></span> 
     </span>
     <span class='ocr_line' id='line_1_40' title="bbox 237 3786 1306 3888; baseline -0.016 -21"><span class='ocrx_word' id='word_1_330' title='bbox 237 3813 380 3884; x_wconf 87' lang='lat' dir='ltr'><strong>constat,</strong></span> <span class='ocrx_word' id='word_1_331' title='bbox 394 3812 515 3888; x_wconf 83' lang='lat' dir='ltr'><strong>praetor</strong></span> <span class='ocrx_word' id='word_1_332' title='bbox 527 3811 671 3864; x_wconf 84' lang='lat' dir='ltr'><strong>tutorem</strong></span> <span class='ocrx_word' id='word_1_333' title='bbox 684 3821 750 3863; x_wconf 89' lang='lat' dir='ltr'><strong>non</strong></span> <span class='ocrx_word' id='word_1_334' title='bbox 770 3798 934 3882; x_wconf 73' lang='lat' dir='ltr'><strong>admittit,</strong></span> <span class='ocrx_word' id='word_1_335' title='bbox 958 3797 1104 3884; x_wconf 82' lang='lat' dir='ltr'><strong>quamvis</strong></span> <span class='ocrx_word' id='word_1_336' title='bbox 1122 3795 1186 3882; x_wconf 89' lang='lat' dir='ltr'><strong>ipse</strong></span> <span class='ocrx_word' id='word_1_337' title='bbox 1202 3801 1250 3853; x_wconf 82' lang='lat' dir='ltr'><strong>tu·</strong></span> <span class='ocrx_word' id='word_1_338' title='bbox 1301 3786 1306 3867; x_wconf 64' lang='grc' dir='ltr'><strong>ξ</strong></span> 
     </span>
    </p>
   </div>
   <div class='ocr_carea' id='block_1_3' title="bbox 236 3877 1307 3982">
    <p class='ocr_par' dir='ltr' id='par_1_3' title="bbox 236 3877 1307 3982">
     <span class='ocr_line' id='line_1_41' title="bbox 236 3877 1307 3982; baseline -0.016 -22"><span class='ocrx_word' id='word_1_339' title='bbox 236 3891 334 3960; x_wconf 89' lang='lat' dir='ltr'><strong>telum</strong></span> <span class='ocrx_word' id='word_1_340' title='bbox 346 3891 427 3963; x_wconf 62' lang='lat' dir='ltr'><strong>‘retu</strong></span> <span class='ocrx_word' id='word_1_341' title='bbox 439 3889 609 3982; x_wconf 81' lang='lat' dir='ltr'><strong>suscipere.</strong></span> <span class='ocrx_word' id='word_1_342' title='bbox 623 3888 674 3956; x_wconf 90' lang='lat' dir='ltr'><strong>De</strong></span> <span class='ocrx_word' id='word_1_343' title='bbox 686 3888 889 3958; x_wconf 75' lang='lat' dir='ltr'><strong>uoluntariis</strong></span> <span class='ocrx_word' id='word_1_344' title='bbox 904 3887 1051 3975; x_wconf 76' lang='lat' dir='ltr'><strong>sgitc1·§.</strong></span> <span class='ocrx_word' id='word_1_345' title='bbox 1067 3909 1083 3952; x_wconf 90' lang='lat' dir='ltr'><strong>a</strong></span> <span class='ocrx_word' id='word_1_346' title='bbox 1098 3877 1251 3980; x_wconf 74' lang='lat' dir='ltr'><strong>adp-294¹,</strong></span> <span class='ocrx_word' id='word_1_347' title='bbox 1306 3975 1307 3978; x_wconf 7' lang='grc' dir='ltr'><strong>Ἴ</strong></span> 
     </span>
    </p>
   </div>
   <div class='ocr_carea' id='block_1_4' title="bbox 1301 4069 1305 4130">
    <p class='ocr_par' dir='ltr' id='par_1_4' title="bbox 1301 4069 1305 4130">
     <span class='ocr_line' id='line_1_42' title="bbox 1301 4069 1305 4130; baseline 0 0"><span class='ocrx_word' id='word_1_348' title='bbox 1301 4069 1305 4130; x_wconf 78' lang='lat' dir='ltr'><strong>l</strong></span> 
     </span>
    </p>
   </div>
   <div class='ocr_carea' id='block_1_5' title="bbox 0 0 1326 4504">
    <p class='ocr_par' dir='ltr' id='par_1_5' title="bbox 0 0 1326 4504">
     <span class='ocr_line' id='line_1_43' title="bbox 0 0 1326 4504; baseline 0 4"><span class='ocrx_word' id='word_1_349' title='bbox 0 0 1326 4504; x_wconf 95' lang='lat' dir='ltr'><strong> </strong></span> 
     </span>
    </p>
   </div>
  </div>
 </body>
</html>
