2646 4496
255 269 321 374 ua
522 307 1017 396 anma1,rmaxrt
1224 267 1226 274 ’

253 432 338 498 lium
361 430 455 495 alteri
477 431 689 520 praesentibus
710 433 729 497 5
758 431 891 498 testibus
914 432 1094 510 vendebat,
1118 443 1275 519 emtorque

255 543 396 587 nummo
421 521 458 583 in
480 521 599 584 libram
615 521 735 603 injecto
752 522 899 602 dicebat,
916 521 1006 585 bunc
1021 522 1192 586 bominem
1200 525 1275 608 jure

259 612 453 694 Quiritium
473 633 588 674 meam
607 613 774 690 associo,
797 623 848 676 eat
868 611 961 674 enim
987 613 1071 674 milii
1096 623 1204 676 emtus
1224 613 1276 676 boc

257 725 326 768 aere
334 749 345 778 ‚
359 701 423 763 bac
443 723 606 786 oeneuque
621 699 721 764 libra.
740 702 787 763 Eo
801 697 887 764 facto
905 712 1081 764 antestatus
1097 701 1242 786 tangebat
1260 702 1276 764 5

224 865 227 870 Ι
256 790 389 854 testium
410 789 590 866 auriculas,
611 811 727 874 eosque
750 791 926 870 monebat,
948 801 984 852 ut
1007 813 1164 857 memores
1186 800 1278 853 essent
1306 839 1307 842 ,

257 879 356 962 hujus
366 877 568 942 venditionis.
586 877 673 942 Hinc
689 900 788 965 porro
803 877 890 944 lilius
901 873 1107 944 ita'venditus
1120 891 1280 965 tamquam

256 989 367 1036 servus
380 965 684 1030 manumittebatur.
701 967 762 1032 His
776 968 912 1057 peractis
925 967 1046 1032 iterum
1063 969 1176 1036 eodem
1192 968 1278 1031 modo

258 1057 460 1124 vendebatur
474 1066 508 1120 et
526 1057 838 1139 manumittebatur‚
859 1047 1013 1144 idemque
1033 1069 1063 1122 ct
1088 1058 1219 1122 tertium
1233 1079 1279 1120 re·
1308 1100 1309 1172 p

257 1147 430 1238 petebatur
443 1146 556 1209 iisdem
576 1146 700 1210 ritibus.
724 1149 769 1212 Et
790 1159 869 1212 tunc
892 1159 942 1210 ter
965 1147 1115 1212 venditus
1135 1147 1277 1232 totiesque
1308 1175 1309 1198 t

259 1237 477 1302 manumissus
496 1233 581 1300 filius
595 1249 665 1298 erat
676 1237 724 1299 sui
736 1236 828 1322 juris.
846 1235 1022 1300 Rationem
1040 1237 1137 1322 hujus
1156 1236 1232 1300 ritus
1244 1255 1279 1299 ex

260 1326 334 1392 Xll
349 1325 456 1390 'l'abb.
475 1325 545 1388 dixi
568 1325 800 1389 arcessendam.
817 1325 884 1390 lllis
898 1327 988 1390 enim
1009 1338 1146 1389 cautum
1165 1321 1279 1403 luerat,

260 1427 299 1480 ut
314 1419 407 1505 pater
422 1425 527 1502 posset
540 1426 589 1478 ter
603 1413 709 1478 filium
725 1416 923 1479 venundare.
941 1415 991 1502 (ξ.
1018 1414 1109 1502 138.)
1137 1423 1180 1478 2⁰.
1205 1415 1280 1499 Ergo

260 1517 311 1570 ter
326 1504 530 1569 venundatus
544 1505 578 1567 in
596 1503 735 1590 speciem
748 1516 781 1568 et
799 1517 849 1567 ter
866 1504 1086 1568 manumissus
1111 1505 1211 1592 patria
1231 1525 1281 1591 po-

259 1605 376 1660 testate
397 1593 519 1658 exibat.
536 1591 787 1663 Observandum
804 1593 912 1657 adhuc
921 1643 930 1674 ,
943 1591 1027 1658 filias
1044 1615 1175 1681 quoque
1188 1603 1219 1658 et
1231 1614 1282 1654 ne·

180 1723 184 1742 .
260 1697 352 1774 potes
366 1681 566 1770 emancipari
581 1681 737 1769 potuisse,
748 1684 802 1746 sed
815 1682 849 1746 in
861 1682 995 1750 illarum
1006 1693 1037 1747 et
1051 1685 1171 1747 horum
1184 1703 1282 1745 eman·
1310 1739 1311 1744 ,

260 1773 424 1862 cipatione
434 1772 533 1836 semel
545 1783 675 1835 tantum
686 1769 806 1836 factam
818 1793 882 1837 esse
895 1772 1129 1840 venditionem.
1142 1773 1281 1836 Ceterum

261 1864 319 1928 iste
333 1862 413 1928 ritus
429 1861 559 1926 duravit
579 1881 681 1948 usque
695 1861 737 1926 ad
751 1873 901 1950 tempora
919 1862 1102 1944 Anastasii‚
1121 1864 1282 1951 imperato·

261 1959 306 2024 ais
314 2003 324 2036 ,
337 1951 459 2041 ¹quibus
472 1949 675 2040 temporibus
689 1951 879 2040 exspiravit.

655 2121 903 2208 saxove

307 2285 406 2348 'func
424 2281 513 2346 enim
531 2301 637 2344 novus
658 2279 798 2345 invaluit
817 2279 1047 2367 emancipandi
1068 2279 1199 2361 modus,
1219 2275 1283 2364 quia

263 2372 455 2442 Anastasius
470 2372 550 2458 imp.
567 2370 590 2433 l.
609 2373 655 2446 5,
679 2367 716 2432 0.
733 2367 776 2432 de
796 2392 928 2432 emano.
952 2368 1011 2432 lib.
1033 2379 1205 2446 sanxerat,
1218 2378 1249 2429 ut
1261 2363 1282 2426 si

184 2502 187 2510 ·
264 2473 358 2552 pater
372 2461 489 2524 liberos
508 2459 713 2546 emancipare
732 2457 849 2538 vellet,
864 2457 889 2522 is
912 2469 1040 2520 tantum
1063 2461 1247 2547 rescriptum
1265 2473 1281 2514 a

264 2550 415 2642 principe
443 2550 657 2635 impetraret,
682 2569 784 2634 eaque
810 2547 1027 2634 emancipatio
1056 2549 1199 2634 ejusdem
1217 2552 1283 2608 esset

265 2639 397 2705 eli'eetus
420 2659 457 2706 ac
481 2637 537 2702 illa
560 2647 651 2704 vetus
670 2659 728 2725 per
751 2635 950 2701 venditiones
972 2636 1182 2723 imaginarias
1203 2633 1285 2698 lacta.
1313 2671 1314 2680 .

263 2731 333 2795 ‘Hie
345 2751 433 2812 ¹ergo
452 2726 703 2814 requirebantur
724 2733 768 2789 1⁰.
785 2724 900 2790 litterae
920 2726 1081 2814 supplices
1087 2745 1099 2808 ‚·
1121 2722 1284 2814 principia

171 2847 173 2852 ·
263 2832 356 2910 patre
368 2817 539 2883 oll'erendae
547 2867 556 2896 ‚
574 2826 619 2882 2⁰.
632 2817 825 2903 rescriptum
839 2815 994 2903 principis
1007 2865 1015 2894 ,
1028 2838 1096 2902 quo
1114 2816 1216 2880 lilium
1233 2829 1284 2900 pro

264 2909 472 2996 emancipato
487 2908 675 2973 declararet.
693 2905 756 2969 Sed
774 2916 807 2968 et
826 2905 888 2968 hoc
909 2925 977 2968 non
993 2927 1113 2994 parum
1134 2903 1285 2970 videbatur

265 3000 452 3066 molestum.
469 2993 558 3062 Nam
573 2999 598 3060 si
613 2996 684 3082 quis
699 3017 727 3058 e.
744 3016 776 3079 g.
792 2994 876 3065 ciris
887 2993 923 3056 iu
940 2991 1054 3057 Africa
1069 2995 1215 3058 habitans
1230 2987 1285 3053 vel-

265 3089 313 3154 let
324 3088 428 3154 filium
441 3088 666 3174 emancipare,
679 3085 704 3147 is
716 3083 836 3148 litteras
850 3083 1009 3172 supplices
1024 3083 1287 3166 Constantinopo-

265 3178 314 3244 lin
327 3177 498 3244 tenebatur
511 3177 639 3240 mittere
651 3185 683 3237 et
696 3173 740 3236 ibi
753 3173 928 3261 impetrare
940 3173 1135 3262 rescriptum
1146 3197 1156 3252 3
1168 3171 1199 3235 id
1212 3161 1287 3254 quod

262 3269 339 3332 'lieri
359 3289 427 3330 non
452 3277 581 3354 poterat
608 3268 676 3327 sine
701 3285 821 3348 magno
844 3264 1000 3349 temporis
1027 3273 1059 3326 et
1087 3261 1287 3351 pecuniarum

268 3356 447 3444 dispendio.
466 3354 586 3420 Visum
609 3373 688 3439 ergo
702 3364 749 3416 est
767 3350 949 3416 Justiniano
971 3362 1003 3416 et
1020 3353 1083 3417 hoc
1106 3347 1286 3418 emendare.

266 3457 301 3510 et
325 3443 472 3508 invenire
497 3442 635 3506 modum
658 3441 886 3529 emancipandi
910 3441 1007 3528 longe
1031 3438 1233 3506 facillimum.
1254 3432 1286 3494 de

269 3557 336 3622 quo
352 3536 382 3618 §.
398 3555 463 3618 seq.
483 3533 603 3618 agitur.
621 3531 698 3618 Ejus
715 3531 859 3598 materiae
874 3531 959 3596 sedes
975 3541 1019 3595 est
1036 3530 1107 3596 inl.
1125 3528 1186 3596 ult.
1204 3523 1237 3590 C.
1253 3519 1286 3585 de

155 3657 157 3664 ’
269 3647 402 3692 emona.
418 3619 515 3687 liber.

1067 3976 1283 4076 roman
