2646 4496
219 272 283 340 aas
509 274 678 342 niusa
705 277 742 360 1,
767 278 876 346 rrr.
903 275 962 344 x,

630 449 661 536 a.
685 427 827 517 coxi.

259 619 318 684 Est
339 617 438 683 etiam
460 621 619 707 cognatio
644 619 900 706 apirimalia,‘a
921 641 1007 710 papa
1031 615 1189 684 iuventa:
1204 630 1248 684 est

218 707 371 794 cognatio
390 707 500 772 civilis
512 757 523 786 ,
537 708 611 792 jure
631 707 721 776 civili
738 706 902 811 profecta,
923 720 969 774 est
989 720 1020 776 et
1044 705 1249 796 Quasiaclfi-

217 797 310 861 nitus
317 845 329 876 ,
345 818 419 882 quaa
438 795 550 862 itidem
564 809 610 861 est
620 797 702 883 juris
718 797 831 865 civilis.
851 797 903 865 De
917 797 967 864 his
982 817 1118 888 quoque
1139 797 1250 862 dicen·

185 899 187 902 ’
214 883 306 950 dum.
335 883 502 976 Cogitatio
524 887 718 974 spiritualis
740 888 944 954 contrahitur
966 912 1026 978 per
1047 887 1251 978 baptismum
1321 969 1322 976 ἵ

214 975 301 1040 inter
317 971 537 1064 baptizantem
551 985 583 1038 et
595 975 811 1064 baptizatum,
826 977 905 1046 item
918 978 1004 1044 iuter
1022 978 1201 1070 patrinum
1218 989 1251 1042 et

211 1061 436 1152 baptizatum,
464 1068 550 1130 inter
576 1077 727 1154 parentes
753 1063 883 1132 inflantis
907 1079 940 1132 et
967 1067 1195 1160 baptizantem
1218 1077 1249 1130 et

239 1151 361 1218 atrinos
370 1199 379 1234 ‚
396 1164 458 1220 eto.
478 1155 550 1218 Hos
566 1171 694 1240 quoque
709 1154 860 1220 Pontifex
875 1156 1091 1224 matrimonia
1114 1165 1248 1219 eontra·
1321 1155 1322 1222 i

211 1175 292 1308 lere
310 1243 423 1307 vetuit.
441 1243 532 1328 Quid
548 1241 636 1308 euim
653 1266 721 1308 non
731 1245 836 1332 potuit
852 1245 980 1312 suasisse
995 1249 1168 1312 malorum
1178 1243 1248 1308 auri
1321 1237 1322 1320 l

212 1354 304 1398 sacra
319 1329 446 1396 fames?
461 1329 567 1398 Triste
587 1331 654 1414 ejus
674 1332 721 1397 rei
741 1335 930 1421 exemplum
945 1349 1048 1402 exstat
1075 1334 1112 1398 in
1129 1332 1247 1398 Audo-

119 1437 122 1444 '
208 1419 302 1502 fera,
329 1441 433 1490 uxore
460 1419 655 1509 Chilperioi,
682 1422 766 1506 regis
792 1423 1022 1489 Francoruma
1045 1445 1123 1512 quae
1147 1420 1247 1488 filiam
1321 1423 1322 1468 t

215 1511 314 1578 enixa
330 1534 348 1576 a
371 1508 553 1576 concubina
575 1510 659 1594 regis
678 1511 862 1600 persuaderi
879 1511 938 1578 sibi
958 1533 1049 1601 passa
1065 1512 1194 1588 fuerat,
1212 1519 1246 1573 ut
1321 1529 1322 1538 ³

210 1595 305 1668 illam
317 1625 334 1668 e
347 1597 507 1688 baptismo
516 1599 584 1687 ipsa
592 1597 782 1688 susciperem
795 1622 860 1685 quo
869 1597 954 1664 facto
962 1601 1168 1692 repudianda
1180 1609 1246 1662 erat

204 1711 233 1753 ·a
248 1690 434 1780 Chilporico
442 1735 453 1768 ‚
468 1689 543 1774 quia
555 1688 626 1772 jam
639 1698 737 1752 erata
760 1689 895 1754 iritualis
908 1691 1061 1776 coguatio
1073 1691 1246 1755 intereunt

211 1790 247 1843 et
271 1797 422 1846 uxorem.
451 1776 532 1844 Vid.
553 1777 699 1862 Gregor.
755 1799 854 1842 umus
871 1777 949 1842 hiat.
975 1781 1128 1858 Frane„
1145 1778 1179 1842 I.
1202 1782 1245 1853 5,

179 1895 180 1898 ¹
214 1893 244 1934 o.
264 1866 324 1934 40.
344 1869 409 1934 Sed
429 1865 566 1931 absurda
581 1875 628 1932 est
645 1866 715 1930 haec
730 1867 917 1954 prohibitio.
935 1867 968 1934 Si
987 1870 1078 1935 enim
1095 1869 1139 1933 ob
1153 1864 1246 1956 spiri·

142 2007 144 2016 .
210 1959 335 2023 tualem
358 1956 587 2044 cognationem
607 1955 818 2041 prohibendus
842 1967 943 2022 essem
963 1959 1111 2046 nuptias,
1140 1955 1245 2018 nullus

211 2041 887 2132 ChristianuspossetducereChristianam,
916 2041 1246 2126 uiaomnessuntfra·

212 2148 278 2202 tres
292 2149 325 2200 et
342 2156 466 2199 sorores
480 2132 670 2220 spirituales.
687 2133 776 2202 Hine
791 2135 881 2200 illam
894 2067 1114 2201 irotestantea
1130 2131 1244 2198 merito

213 2226 408 2308 rejecerunt.
424 2223 593 2311 cognatio
606 2222 715 2286 civilis
726 2235 878 2312 est,·quae
889 2223 992 2292 oritur
999 2247 1042 2290 ex
1057 2221 1243 2311 adoptione.

208 2307 303 2377 Nam
319 2334 398 2378 cum
412 2311 546 2400 adoptio
562 2309 707 2374 imitetur
728 2324 898 2393 naturam,
914 2313 1029 2378 eodem
1051 2315 1128 2378 loco
1145 2308 1243 2376 habe-

210 2401 333 2466 bantur
352 2400 497 2488 adoptivi
518 2397 625 2478 liberi,
648 2419 714 2484 quo
729 2411 805 2464 sunt
821 2402 992 2468 naturales.
1009 2403 1062 2467 Ex
1080 2420 1243 2489 quacum·

212 2513 276 2580 que
287 2512 366 2576 ergo
380 2489 506 2553 ratione
521 2488 639 2552 ducere
653 2511 722 2554 non
734 2501 884 2578 poteram
897 2489 1053 2556 feminam
1069 2499 1242 2578 cognatam

214 2579 257 2645 ob
282 2577 526 2666 generationem
547 2575 749 2658 naturalem,
775 2601 814 2644 ex
837 2601 873 2644 ea
897 2579 1022 2646 rationo
1042 2603 1105 2646 nec
1128 2577 1242 2643 ducere

132 2751 136 2763 =
212 2725 364 2806 poteram
375 2721 548 2798 cognatam
561 2733 620 2800 per
632 2709 840 2801 adoptionem
854 2709 985 2779 factam.
999 2716 1052 2800 <>Ι
1078 2722 1171 2807 pater
1183 2705 1242 2770 ad-

210 2893 252 2960 E·
265 2913 297 2980 g.
311 2901 403 2982 pater
416 2888 535 2956 ducere
546 2853 613 2953 non
627 2901 732 2983 potest
743 2888 844 2954 liliam
858 2888 1052 2974 natura-01
1076 2809 1231 2954 liliapmaill2

209 3071 277 3137 lem
285 3121 296 3153 ,
307 3091 386 3157 ergo
400 3052 461 3136 neu
475 3066 683 3157 adoptivam:
696 3087 775 3133 avus
786 3065 905 3132 duone
919 3088 987 3132 non
997 3061 1051 3143 <>Ι
1075 2986 1236 3220 ngpppva.

209 3257 314 3340 potest
329 3258 460 3338 neptem
475 3244 675 3324 naturalem,
691 3265 769 3330 ergo
784 3265 844 3309 neo
857 3243 987 3333 adopti-
1076 3177 1095 3222 a
1118 3164 1235 3242 opum·

1091 3455 1181 3502 8οΓοΓ

1024 3533 1058 3604 <>
1075 3521 1231 3610 adoptiva.

209 3421 298 3466 vam.
311 3397 426 3464 Frater
437 3399 555 3467 ducere
567 3401 635 3464 uon
646 3407 752 3486 potest
762 3417 908 3461 sororem
933 3407 967 3606 X

108 3701 115 3706 ·
208 3668 411 3748 naturalem,
426 3643 504 3753 ergo
518 3689 578 3734 neo
595 3665 793 3754 adoptivam.
809 3665 871 3734 sad
887 3667 962 3753 quia
976 3665 1047 3737 hoo
1061 3658 1230 3756 prohibitio
1313 3740 1315 3750 Ι

208 3773 340 3826 tantum
363 3778 406 3823 ex
426 3757 496 3842 lege
514 3757 604 3824 civili
627 3768 692 3834 est,
717 3767 748 3820 et
769 3777 839 3822 non
861 3756 920 3822 nisi
945 3753 1076 3820 fictione
1101 3751 1229 3826 nititur,

209 3847 288 3918 hino
309 3845 401 3914 facile
419 3857 524 3938 potest
543 3869 602 3936 per
616 3845 883 3936 dispensationem
898 3843 1030 3940 mutari.
1051 3843 1140 3912 Hinc
1153 3863 1180 3906 a.
1194 3857 1226 3924 g·
