2756 4504
227 1023 231 1034 t

215 1217 270 1240 “a

266 2112 272 2166 t

222 2355 224 2359 Α
267 2241 275 2320 t

241 2969 277 2992 η

285 363 402 488 420¹·
529 418 708 486 LIBER
736 421 799 502 11,
828 421 941 488 TIT.
970 419 1065 508 Vll,

284 533 440 608 disnemn,
456 539 647 593 nouantem
663 529 793 593 alterius
813 531 987 618 patientia,
1008 527 1142 594 rescindi
1158 523 1284 616 possunt.

284 622 335 686 At
353 619 466 684 mortis
482 640 591 682 caussa
614 617 767 698 donatio,
787 619 861 705 quia
884 619 923 684 de
945 618 1134 683 ultimarum
1153 617 1287 684 volunta·

285 721 357 773 tum
378 719 495 771 natura
514 706 705 797 participat,
726 709 756 792 5.
781 706 867 787 456,
888 727 1014 797 semper
1034 719 1080 772 est
1095 701 1285 779 revocabilis,

285 797 361 885 quia
387 797 535 862 voluntas
556 796 697 860 hominis
723 795 936 861 ambulatoria
963 803 1110 861 censetur
1135 790 1286 882 usquead

285 897 442 965 mortem,
455 885 486 970 5.
504 909 529 962 r,
546 885 634 968 inst.
652 885 684 948 1.
703 885 764 964 at.
781 888 836 964 16,
852 885 874 950 l.
891 888 952 962 30,
957 885 1004 974 ff
1022 885 1174 950 de'mort.
1190 904 1285 947 conss.

287 976 367 1051 don.
385 981 433 1040 4⁰.
446 972 607 1038 Differunt
622 975 755 1038 ratione
771 974 1008 1039 translationis
1021 973 1175 1038 dominii.
1189 971 1286 1036 Dona·

285 1065 331 1128 tio
351 1063 435 1128 inter
453 1062 542 1128 vivos
560 1074 606 1126 est
626 1061 756 1148 quidem
777 1063 888 1126 titulus
906 1063 947 1127 ad
966 1061 1216 1127 transferendum
1236 1060 1287 1122 do·
1349 1059 1350 1062 ’

284 1152 425 1217 minium
440 1151 573 1231 habilis,
587 1152 617 1236 5.
639 1151 714 1237 559.
735 1151 796 1218 Sed
820 1152 930 1215 titulus
948 1173 1016 1215 non
1036 1149 1097 1216 nisi
1110 1152 1162 1240 jus
1176 1150 1212 1214 ad
1226 1169 1286 1213 rem

284 1241 409 1306 tribuit.
427 1240 485 1304 Jus
504 1239 637 1306 vero'in
657 1261 693 1303 re
716 1239 849 1304 demum
870 1241 1014 1304 nascitur
1036 1261 1079 1304 ex
1099 1240 1288 1326 subsequente

285 1325 474 1410 traditione,
488 1329 518 1414 5
533 1329 595 1416 539
610 1325 653 1391 **.
670 1329 718 1392 Ita
730 1339 763 1392 et
772 1329 820 1392 rei
832 1329 959 1394 donatas
969 1329 1120 1393 dominus
1137 1351 1202 1393 non
1215 1327 1289 1415 prius

285 1419 351 1497 fio,
366 1439 466 1504 quam
484 1417 539 1480 ubi
556 1416 686 1480 traditio
705 1418 850 1498 accessit,
869 1419 900 1503 5.
920 1415 966 1482 4ο
974 1467 985 1498 ,
1003 1420 1093 1482 Inst.
1112 1417 1151 1482 da
1168 1440 1227 1481 rer.
1242 1415 1287 1480 di·
1349 1457 1350 1488 2

286 1507 349 1571 vis.
365 1509 485 1570 Contra
501 1506 575 1592 quia
594 1505 725 1570 donatio
740 1507 854 1570 mortis
867 1529 974 1572 caussa
991 1508 1104 1572 similis
1123 1518 1168 1572 est
1183 1505 1288 1570 ultima

285 1594 468 1676 voluntati,
490 1593 625 1682 5456,
646 1617 704 1681 per
720 1594 848 1660 ultimas
868 1608 978 1662 autem
1000 1595 1180 1660 voluntates
1199 1591 1289 1658 domi-

286 1686 380 1749 nium
400 1683 441 1748 ad
458 1704 518 1746 nos
537 1679 651 1746 transit
665 1684 732 1747 sine
748 1684 940 1766 traditione,
954 1685 1090 1748 simulac
1110 1693 1196 1749 'mors
1210 1693 1289 1746 testa·

286 1777 365 1838 toris
389 1773 439 1836 vel
465 1771 628 1842 donatoris
649 1771 841 1857 subsequuta
864 1785 930 1853 est,
953 1775 984 1857 5.
1005 1774 1068 1860 559
1090 1769 1161 1852 Ψ,
1181 1771 1249 1838 hino
1264 1779 1289 1832 et

207 1879 209 1887 ⁴
287 1861 400 1926 rnortis
423 1883 531 1924 caussa
546 1861 663 1924 donata
679 1863 786 1924 statim
804 1874 912 1926 nostra
931 1861 1036 1944 fiunt,
1052 1862 1187 1926 simulac
1206 1861 1291 1924 dona-

285 1963 340 2014 tor
361 1949 550 2028 decesserit,
574 1949 672 2011 modo
694 1949 903 2014 donationem
924 1953 1017 2015 vivus
1038 1973 1108 2014 non
1129 1948 1289 2024 revocarit,

289 2041 311 2104 Ζ.
333 2043 390 2116 16,
407 2040 430 2101 l.
447 2045 513 2116 50,
526 2036 574 2125 ffi
595 2037 636 2102 de
658 2049 757 2118 mort.
778 2063 805 2102 c.-
827 2039 906 2103 don.
930 2041 978 2104 5⁰.
1000 2039 1165 2104 Differunt
1179 2039 1291 2104 ratione

288 2127 478 2192 solutionis.
492 2126 559 2209 Qui
570 2147 612 2191 ex
624 2126 797 2192 donatione
808 2127 891 2192 inter
903 2128 992 2193 vivos
1004 2123 1212 2212 convenitur,
1226 2147 1291 2212 gau·

289 2219 342 2282 det
358 2214 512 2280 beneficio
525 2215 768 2302 competentiae,
784 2237 843 2280 nec
862 2218 896 2280 in
910 2217 1049 2282 solidum
1063 2215 1292 2302 condemnatur,

288 2308 341 2370 sed
351 2315 512 2392 quantum
524 2301 628 2368 facere
643 2315 765 2392 potest,
777 2305 825 2368 uti.
835 2305 977 2370 dixitnus
989 2307 1030 2370 ad
1041 2307 1071 2392 5.
1089 2307 1165 2393 459.
1176 2304 1206 2371 6.
1217 2303 1292 2368 Con·

289 2407 361 2474 tra,
377 2394 403 2456 si
421 2393 512 2457 heres
533 2393 655 2458 solvere
670 2393 805 2476 jubetur
823 2394 1031 2460 donationem
1050 2397 1164 2459 mortis
1178 2412 1291 2468 caussa,

288 2495 320 2546 et.
338 2483 404 2570 ipse
423 2503 489 2544 non
505 2480 602 2544 habet
612 2481 735 2547 salvam
751 2494 901 2569 quartam
917 2482 1077 2548 bonorum
1093 2493 1231 2572 partem,
1245 2499 1293 2568 po·

287 2571 349 2637 test
367 2570 536 2635 detrahere
554 2581 716 2657 quartam
726 2571 913 2656 falcidiam
923 2621 935 2650 ,
959 2571 997 2636 de
1017 2595 1079 2658 qua
1104 2595 1146 2636 ex
1167 2570 1292 2635 instituto

288 2663 477 2725 disseremus
492 2655 577 2722 infra
592 2659 623 2742 5.
641 2657 723 2744 645,
743 2682 808 2745 seq.
824 2659 987 2724 Differunt
998 2660 1136 2748 denique
1149 2661 1191 2724 6⁰.
1206 2657 1294 2722 certio·

290 2749 402 2814 nibuc.
420 2747 454 2812 Si
467 2747 556 2812 enim
571 2769 775 2834 quaeramus,
789 2771 851 2836 qua
870 2749 994 2813 actione
1009 2740 1235 2837 persequamur
1247 2745 1294 2808 do·

288 2839 453 2904 nationem
472 2839 557 2900 inter
574 2836 688 2900 visos?
705 2837 771 2923 jam
793 2837 902 2925 paullo
917 2849 990 2901 ante
1006 2839 1133 2902 dictum
1150 2851 1213 2916 est,
1234 2852 1294 2898 eam

288 2951 352 2993 esse
368 2932 512 3014 pactum.
533 2925 627 2989 Pacta
642 2925 713 3006 jure
725 2926 877 2990 Romano
893 2949 960 2990 non
977 2927 1199 3014 producebant
1211 2921 1294 2987 actio·

289 3040 386 3094 nens,
405 3027 622 3104 praeterquam
641 3013 665 3076 si
687 3015 739 3078 vel
758 3015 900 3100 legitima
921 3027 1044 3094 essent,
1061 3016 1114 3080 vel
1138 3010 1274 3104 praetcria
1285 3056 1294 3087 ,

290 3107 342 3170 vel
362 3105 485 3188 adjecta
505 3102 686 3166 contractui
709 3103 801 3167 boum
816 3103 911 3184 fidei,
928 3105 958 3188 5.
974 3127 1051 3192 777.
1075 3105 1157 3169 Tale
1177 3112 1294 3192 pactum

290 3194 476 3279 legitimum
496 3204 541 3256 est
562 3191 693 3254 donatio
711 3192 797 3256 inter
819 3193 907 3274 vivos
926 3219 933 3255 ε
950 3195 1025 3279 quia
1046 3193 1075 3258 ei
1094 3189 1294 3270 lexadsistit,

298 3283 476 3368 jubetque,
492 3291 530 3343 ut
551 3279 682 3344 donatio
695 3281 848 3368 promissa
865 3282 1029 3363 tradatur,
1045 3281 1084 3368 5.
1094 3285 1142 3347 35
1153 3331 1163 3363 ,
1182 3279 1216 3344 C.
1230 3279 1260 3342 Ιι.
1275 3283 1293 3337 t·

292 3373 408 3454 Quum
423 3391 501 3454 ergo
518 3391 560 3433 ex
575 3368 725 3434 omnibus
733 3371 835 3458 pactis
846 3371 994 3456 legitimis
1011 3383 1160 3435 nascatur
1176 3365 1295 3432 οοιιᾶἰο-
1316 3447 1318 3454 y

292 3463 340 3524 tio
354 3483 394 3522 ex
409 3459 481 3545 lege
502 3458 532 3540 5.
554 3461 610 3520 115
606 3479 648 3544 7,
670 3479 866 3545 consequens
886 3471 952 3540 est,
971 3470 1008 3523 ut
1026 3472 1058 3522 et
1079 3457 1207 3524 donatio
1224 3455 1294 3519 inter

204 3563 206 3568 ’
243 3575 267 3602 κ
291 3549 382 3612 vivos
400 3547 538 3634 peteuda
553 3546 592 3609 sit
608 3546 818 3612 condictione
833 3572 873 3612 ex
894 3547 982 3636 lege,
999 3571 1116 3637 nempe
1132 3569 1172 3614 ex
1189 3545 1210 3610 l.
1230 3545 1292 3613 35,

292 3640 322 3723 5.
339 3634 384 3714 4,
401 3639 425 3699 5
433 3683 444 3712 ,
467 3635 506 3698 cte
527 3634 606 3699 don.
630 3635 689 3698 nisi
705 3635 869 3723 donationi
894 3631 1056 3702 accesserit
1072 3634 1237 3725 stipulatio.
1256 3627 1296 3693 E0

293 3726 380 3792 enim
409 3745 484 3787 casu
509 3744 551 3786 ex
572 3724 725 3810 stiputa'tu
750 3726 801 3812 agi
827 3737 951 3813 potest,
972 3750 1026 3813 pr.
1048 3728 1137 3790 Just.
1162 3723 1198 3787 de
1217 3717 1293 3786 verb.

281 3814 359 3878 'ott
376 3813 499 3877 Contra
516 3855 524 3882 ‚
544 3811 675 3886 donatio
696 3817 809 3878 mortis
823 3815 1056 3887 caussasimilis
1068 3827 1114 3879 est
1125 3810 1238 3878 ultimis
1248 3826 1296 3870 vo·

291 3901 469 3989 luntatibus
482 3949 490 3978 ,
505 3902 535 3984 5.
553 3899 618 3964 466
631 3950 640 3979 ,
655 3913 688 3966 et
702 3901 778 3966 hinc
793 3903 913 3971 eaedem
928 3904 1001 3988 inde
1022 3906 1159 3968 actiones
1174 3917 1296 3965 nascun-

292 4001 347 4054 tur
361 4012 400 4054 ac
416 4011 459 4055 ex
472 3988 598 4076 legatis,
615 4011 731 4081 nempe
744 3992 919 4082 personalis
933 4012 973 4058 ex
988 4003 1189 4074 testamento,
1204 3989 1296 4074 hypo
