2710 4504
310 369 384 440 un
412 371 680 442 Jus'rmm
712 373 783 441 aa
810 367 962 440 anan.
1110 367 1155 456 89

1 465 2 472 ἵ
110 480 230 566 Quam
255 479 396 548 absurde
416 483 506 548 enim
524 484 596 570 quis
617 481 787 548 hominem
810 481 967 547 divideret
988 477 1024 544 in
1045 489 1154 542 totum

1 565 2 620 l
113 569 292 636 hominem
315 583 348 636 et
364 571 399 636 in
421 572 562 659 digitum
585 573 789 638 minimum?
806 571 867 636 Sed
891 591 982 658 mque
1002 567 1086 634 bella
1106 576 1154 631 est

115 671 232 723 nostra
255 661 370 725 divisio
391 687 400 724 ε
421 661 545 748 justitia
564 673 611 728 est
632 663 685 728 vel
708 659 917 740 universalis,
945 679 1019 746 qum
1040 677 1156 721 omnes

113 748 258 814 virtutes
291 749 551 839 complectitur3
579 750 628 816 vel
658 749 886 839 particularis,
918 771 991 836 quae
1024 767 1152 824 unam,

113 837 267 905 avaritiae
295 839 350 904 vel
375 845 519 926 πλιοιιϋᾳ
540 839 745 930 oppositam,
770 838 925 904 inculcat.
954 845 998 902 2⁰.
1022 835 1155 900 Falsum

116 939 169 992 est
183 977 192 1006 ‚
205 925 362 1010 justitiam
383 930 622 998 distributivam
639 929 751 994 locum
771 928 890 994 habere
905 925 938 991 in
960 923 1104 1014 praemiis
1121 934 1155 989 et

114 1016 251 1106 poenis,
276 1019 551 1085 commutativam
578 1019 614 1084 in
642 1017 884 1097 contractibus3
910 1015 1000 1104 quod
1026 1013 1156 1100 egregie

115 1105 236 1170 docuit
258 1107 361 1192 Hugo
387 1107 524 1174 Grotius
541 1108 583 1174 de
601 1107 638 1172 J.
658 1107 704 1174 B.
726 1117 759 1173 et
778 1107 824 1172 P.
849 1105 871 1172 l.
896 1103 937 1186 I,
960 1129 989 1170 c.
1016 1104 1099 1189 1,§.
1116 1105 1152 1168 8.

118 1194 180 1260 Sic
206 1217 235 1259 e.
259 1195 438 1282 gfortum
463 1220 506 1264 ex
529 1197 608 1264 lure
632 1195 787 1262 Romano
814 1195 917 1260 luitur
939 1191 1052 1282 duplo.
1079 1191 1157 1256 lam

116 1283 287 1370 fingamus
305 1308 413 1352 unum
433 1283 540 1352 furem
556 1297 625 1352 tam
641 1307 705 1352 esse
722 1285 901 1365 callidum,
925 1294 962 1348 ul
977 1283 1037 1372 ipsi
1059 1279 1157 1368 inge-

1 1453 4 1464 Ι
117 1374 217 1438 nium
234 1395 333 1440 omne
347 1373 383 1440 in
397 1375 482 1464 ipsos
496 1375 611 1462 digitos
622 1397 753 1463 qnoque
769 1373 880 1439 abiisse
895 1371 1064 1448 videatur3
1078 1371 1160 1436 alte-

116 1484 201 1528 aum
218 1473 287 1526 tam
305 1464 494 1553 stupidum,
510 1475 547 1529 ut
562 1463 708 1530 animam
729 1486 789 1554 pro
805 1463 869 1528 sale
886 1459 1004 1527 haheat
1013 1509 1026 1541 ,
1039 1482 1082 1524 ne
1094 1481 1159 1548 pu-

118 1561 265 1632 trescat3
285 1575 329 1617 an
350 1553 424 1620 ideo
450 1551 505 1620 hic
533 1553 654 1644 triplo,
682 1552 892 1642 quadruplo,
921 1549 1095 1639 quintuplo
1116 1547 1158 1612 sit
1231 1540 1242 1560 ⁸

119 1639 336 1728 puniendus?
349 1642 527 1730 Fingamus
544 1665 645 1732 porro
662 1643 834 1720 Stichum,
849 1650 1080 1720 servum,1res
1097 1637 1157 1702 do·

117 1729 231 1794 minos
248 1729 386 1812 habere,
405 1732 534 1798 Titium
554 1753 598 1797 ex
619 1733 769 1811 semisse,
790 1729 947 1797 Maeuium
970 1740 1004 1794 et
1023 1727 1157 1792 Iavole-

119 1839 206 1884 num
218 1841 263 1884 ex
281 1820 474 1907 quadrante.
495 1821 676 1908 Fingamus
687 1820 839 1886 Stichum
859 1817 999 1884 dominis
1018 1817 1082 1882 suis
1096 1815 1155 1882 sti-

119 1907 231 1998 pulari
254 1929 317 1973 roo
327 1957 337 1990 ‚
356 1931 399 1974 au
416 1910 489 1977 ideo
503 1911 671 1997 aequaliter
684 1911 738 1974 illa
753 1929 882 1974 summa
899 1907 985 1972 inter
1004 1903 1157 1972 dominos

119 1995 353 2078 distribuetur,
374 1999 450 2086 quia
476 1999 546 2070 haec
570 1995 726 2086 obligatio
749 2021 792 2063 ex
811 2007 984 2062 contractu
1001 1993 1157 2062 estttli-

118 2085 234 2166 ni1n03
254 2086 325 2152 imo
346 2087 454 2154 Titius
476 2088 541 2169 50,
566 2088 683 2178 reliqui
705 2088 771 2154 duo
788 2086 912 2176 singuli
936 2095 1066 2150 tantum
1089 2083 1155 2163 25,

122 2174 301 2265 accipient,
318 2176 348 2262 5.
371 2179 418 2258 3,
432 2177 549 2244 Iastia.
573 2177 616 2244 de
635 2179 718 2266 stipa.
743 2201 830 2244 serv.
853 2175 1023 2244 Habemus
1046 2173 1156 2262 itaque

118 2265 295 2353 exempla,
309 2263 366 2329 ubi
375 2265 417 2330 'in
430 2266 651 2334 distribuendo
665 2267 831 2355 aequalitas
846 2262 988 2356 perfecte
1004 2263 1156 2328 observa-

117 2365 185 2419 tur.
197 2354 238 2418 In
249 2355 470 2424 contractibus
481 2378 549 2422 non
561 2356 622 2423 nisi
636 2356 832 2444 geometrica
848 2354 1049 2420 observatur.
1065 2353 1154 2437 Ergo

113 2442 182 2509 hac
196 2442 354 2512 divisione
370 2467 489 2534 parum
504 2458 655 2512 accurata
670 2443 745 2512 satis
761 2443 934 2510 commodo
950 2441 1144 2510 carebimus.

427 2577 458 2663 §-
481 2575 635 2645 xx1v
657 2587 691 2642 a
713 2576 853 2644 xxv.

163 2703 318 2792 Sequitur
337 2704 437 2770 altera
459 2727 534 2794 pars
555 2703 653 2786 hujus
668 2705 777 2785 tituli,
799 2714 901 2795 puta,
922 2703 963 2770 do
983 2703 1155 2794 lurispru·

120 2794 241 2860 dantia.
258 2793 340 2880 Ejus
352 2793 518 2882 duplicem
531 2793 646 2860 damas
662 2793 907 2876 definitionem,
922 2795 1060 2860 alteram
1074 2805 1154 2858 vste
1193 2819 1200 2869 ¹,

120 2905 216 2964 rem,
242 2905 316 2970 quae
334 2881 423 2969 1115.
443 2882 1153 2972 l‚Inat.h.t.ctl.lo‚§.1,ffih.l.ha-
1197 2874 1208 2964 ζ

10 3000 14 3015 ·
118 2971 236 3052 betuna
251 2971 387 3039 alteram
403 2993 525 3038 novam
540 2983 572 3037 et
587 2993 605 3036 a
620 2971 713 3038 nobis
726 2972 983 3052 concinnatam,
1005 2971 1082 3057 quia
1098 2971 1153 3038 illa

15 3712 19 3723 ·
117 3686 206 3751 circa

118 3083 189 3127 non
213 3061 295 3127 adeo
320 3071 472 3127 accurata
495 3071 552 3125 est.
576 3062 621 3128 Ul
648 3061 741 3126 ianus
764 3061 799 3128 iu
824 3061 910 3126 dicta
929 3059 952 3124 l.
976 3083 1038 3142 so,
1061 3061 1093 3145 5.
1117 3083 1154 3140 1,

117 3169 194 3218 eam
216 3151 261 3216 ita
285 3149 401 3215 'definit
425 3173 434 3213 ε
461 3085 720 3238 lurlsprudbntia
748 3159 799 3215 est
823 3149 1025 3215 ‹livinnrum
1051 3159 1155 3238 atque

119 3241 360 3307 humanarum
380 3263 496 3305 rerum
517 3241 662 3321 notitia,
677 3240 773 3326 justi
788 3249 892 3327 nique
906 3239 1028 3326 injusti
1042 3241 1155 3304 scien-

121 3330 184 3396 tia.
207 3327 407 3393 Divinarum
429 3340 527 3415 atque
549 3327 772 3393 humanarum
793 3349 905 3394 rerum
931 3327 1045 3392 nolitia
1072 3327 1158 3393 nihil

119 3416 212 3484 aliud
225 3431 272 3482 est
286 3439 388 3504 quam
402 3417 606 3508 philosophia
619 3467 629 3498 ,
644 3439 745 3519 quam
760 3439 874 3483 omnes
890 3429 1011 3482 veteres
1034 3418 1078 3482 ita
1095 3418 1156 3482 de-

117 3507 267 3588 finiunt,
290 3517 322 3572 et
344 3508 430 3572 hano
455 3507 528 3572 loco
550 3529 676 3593 genens
699 3507 840 3572 adsumit
865 3506 1040 3596 Ulpianus.
1064 3505 1152 3592 Quia

12 3610 17 3621 “
117 3619 199 3664 vero
214 3595 417 3748 philosophia
432 3597 531 3661 etiam
546 3596 632 3660 circa
648 3619 764 3661 verum
785 3607 818 3662 et
836 3595 954 3662 falsum
977 3597 1012 3661 in
1028 3597 1155 3683 logica,

245 3707 348 3752 onum
363 3695 395 3750 at
408 3685 535 3752 malum
548 3686 583 3750 in
600 3684 803 3776 philosophia
818 3685 957 3765 morali,
974 3688 1060 3752 circa
1073 3685 1152 3749 utile

117 3775 157 3841 in
171 3773 326 3864 politica,
342 3773 430 3840 circa
445 3795 570 3840 caussas
583 3795 695 3842 rerum
716 3775 918 3840 naturalium
936 3776 972 3839 in
996 3774 1129 3862 physica
1144 3793 1158 3853 ,·

117 3875 277 3952 occupata
291 3873 359 3944 θεὶς
380 3862 420 3928 de
439 3863 556 3950 quibus
575 3863 728 3928 omnibus
748 3887 815 3928 non
834 3878 881 3930 est
894 3863 1030 3929 sollicita
1046 3862 1154 3927 luris-

116 3951 314 4044 prndentia:
327 3951 405 4020 hina
417 3951 506 4022 addit
517 3951 731 4024 differentiam
742 3953 926 4047 specificam
934 3951 1039 4040 ,justi
1049 3963 1155 4041 alque
