2756 4504
147 439 150 447 Δ
370 357 443 431 DE
474 363 838 450 USUFRUC'I'U.
1054 351 1120 450 389
1194 425 1196 430 .

93 491 152 536 nos
165 493 175 534 s
188 468 341 539 diffemnt
358 472 458 538 etiam
480 473 528 540 uti
545 484 584 538 et
605 473 706 538 abuti.
729 473 791 540 Uti
808 483 855 539 est
873 490 917 538 ex
936 493 973 538 re
993 483 1125 538 tantum

94 559 278 648 percipere,
301 573 463 649 quantum
477 561 579 650 exigit
596 561 762 628 necessitas
781 562 877 650 :frui
889 574 999 626 autem
1013 563 1125 627 omnia

95 649 284 736 percipere,
310 673 384 736 quae
397 673 440 716 ex
458 675 494 717 re
514 651 735 740 proveniunt,
758 651 824 720 sire
844 650 886 714 ad
907 651 1127 716 necessitatem
1144 663 1156 691 Ὗ

93 736 300 825 pertineant,
321 741 387 805 sive
404 740 446 804 ad
460 739 635 806 utilitatem
644 790 662 826 ,Ι
677 739 742 806 sive
761 739 803 806 ad
822 739 1035 828 voluptatem.
1052 738 1128 824 Ad·

95 836 189 913 paret
203 827 237 890 id
256 849 299 892 ex
313 827 451 914 eleganti
471 829 544 896 loco
560 831 695 896 Senecae
714 829 755 894 de
776 829 847 895 vita
864 827 964 894 beata
975 877 988 908 ,
999 843 1037 892 ‘a
1057 850 1094 892 ro
1113 853 1125 892 .-

95 913 152 980 Tu
165 917 333 1006 voluptate
351 916 488 1000 frueris,
503 941 564 1006 ego
577 929 664 983 utor.
681 919 800 983 Sensus
814 921 879 998 est,
894 928 930 980 tu
945 917 1127 1006 voluptates

94 1025 211 1074 omnes.
219 1007 365 1088 sectaris,
380 1007 479 1070 etiam
493 1029 560 1090 eas,
575 1007 692 1096 quibus
706 1007 747 1072 ad
761 1006 949 1072 reficiendas
963 1006 1045 1070 vires
1060 1027 1129 1071 non

95 1102 144 1156 est
164 1115 246 1182 opus
265 1120 274 1158 ε
293 1117 354 1182 ego
370 1107 520 1178 tantum,
537 1109 698 1185 quantum
718 1118 842 1162 necesse
863 1105 933 1175 est,
954 1095 1128 1159 honestam

96 1181 301 1270 voluptatem
321 1207 445 1270 quaero.
469 1185 532 1252 Uti
546 1187 656 1250 autem
676 1195 709 1251 et
728 1185 829 1250 abuti
846 1184 1012 1278 quomodo
1035 1181 1128 1248 diffe-

95 1283 174 1335 rant
182 1320 192 1351 ‚
207 1271 346 1337 ostendit
359 1273 453 1338 Dan.
471 1275 520 1340 ad
537 1273 671 1340 Terent.
688 1273 805 1339 Andr.
815 1273 906 1362 prol.
923 1272 1011 1360 quod
1027 1273 1080 1337 uti
1089 1271 1168 1338 sit...

97 1361 313 1426 commodum
334 1361 501 1452 percipere
522 1385 557 1428 re
577 1363 664 1432 salva
680 1388 690 1427 ε
709 1361 808 1428 abuti
828 1363 1043 1426 commodum
1057 1378 1189 1448 pera...

96 1448 207 1536 cipere
219 1449 264 1514 its
278 1499 288 1532 ‚
303 1463 340 1514 ut
354 1474 405 1518 res
419 1452 545 1516 utendo·
554 1453 754 1524 absumatur.
772 1451 811 1515 tt.
827 1473 860 1538 g.
874 1452 901 1515 si
918 1449 1039 1515 sedibus
1055 1442 1134 1515 alle-

36 1553 42 1568 ‘
96 1535 150 1603 nis
160 1549 237 1602 utor
248 1539 480 1622 inhabitando,
494 1563 570 1607 vere
587 1551 677 1622 utor,
690 1539 766 1627 quia
780 1541 868 1606 salva
884 1551 994 1604 manet
1012 1537 1135 1604 sedium

97 1626 312 1698 substantia:
338 1630 389 1694 sin
412 1630 450 1694 in
480 1629 724 1719 oppugnatione
750 1629 838 1694 urbis
865 1627 990 1715 milites
1013 1627 1136 1692 aedibus

67 1743 70 1748 ·
97 1723 237 1780 utantur
252 1729 285 1781 et
300 1739 353 1782 eas
372 1719 465 1784 terris
481 1718 663 1807 impleant,
684 1730 716 1783 et
731 1718 767 1782 in
787 1719 847 1782 ista
865 1717 952 1781 mole
970 1715 1134 1781 tormenta

97 1804 224 1888 locent,
235 1805 293 1871 iste
304 1829 372 1872 non
387 1829 479 1887 usus,
494 1807 548 1872 sed
564 1807 680 1871 abusus
691 1818 748 1871 est.
766 1805 815 1870 Ita
828 1817 860 1870 et
875 1804 1013 1896 pecunia
1031 1805 1137 1870 aliena

97 1893 228 1959 debitor
242 1896 345 1960 utitur
364 1923 374 1959 ε
391 1896 469 1961 vino
484 1895 590 1962 alieno
605 1895 775 1960 abutitur:
792 1891 867 1958 Jam
884 1915 962 1980 erga
977 1917 1036 1982 per
1054 1917 1136 1982 par·

98 1993 149 2048 tes
173 1980 267 2050 facile
292 1984 509 2071 intelligemus
530 1984 764 2050 definitionem.
790 1979 1138 2064 Ususfructus1⁹.est
1174 2019 1196 2040 ,ι

87 2071 214 2160 jus,et
225 2073 358 2160 quidem
366 2074 418 2160 jus
430 2074 515 2154 injre
526 2075 592 2140 sive
602 2073 749 2154 servitus,
759 2073 789 2158 §-
801 2073 865 2159 592
873 2121 882 2153 ,
895 2072 941 2150 9⁰,
942 2072 1011 2156 jus
1020 2072 1141 2137 utendi
1172 2115 1191 2136 ..

87 2156 254 2250 fruendi.
270 2161 539 2228 Usufrnctuarius
554 2163 676 2227 enims
692 2183 727 2226 re
743 2160 920 2224 fructuaria
937 2160 1047 2225 omnia
1064 2183 1140 2250 per-

100 2250 202 2340 cipit,
216 2273 290 2338 quoe
305 2275 374 2317 non
392 2252 493 2316 modo
510 2251 552 2316 ad
571 2250 813 2330 necessitatem,
830 2250 885 2315 sed
904 2249 945 2314 ad
966 2249 1141 2316 utilitatem

101 2351 137 2406 et
153 2335 359 2428 voluptatem
377 2341 552 2430 pertinent.
573 2341 623 2406 5⁹.
643 2339 778 2414 Utitur,
796 2336 919 2403 fruitur
937 2337 1038 2404 rebus
1054 2339 1141 2405 alie·-
1162 2388 1205 2423 „-

103 2429 175 2494 nis.
191 2431 247 2493 Est
260 2429 349 2494 enim
365 2429 523 2508 servitus,
536 2439 567 2494 et
582 2450 633 2493 res
647 2429 705 2492 'suo
720 2427 856 2492 dominc
873 2427 993 2494 servire
1015 2429 1140 2516 nequit.

103 2520 197 2606 Ergo
217 2517 371 2584 domium
395 2518 528 2606 quidem
550 2517 654 2582 utitur
676 2513 797 2581 fruitur
816 2517 915 2582 etiam
929 2517 1032 2582 rebus
1053 2517 1142 2598 suis,

102 2609 197 2695 isque
220 2605 407 2672 usufructus
426 2605 596 2672 caussatio
620 2614 776 2686 vocatur3
788 2606 842 2670 sed
854 2605 908 2670 illc
920 2629 988 2671 non
1006 2617 1053 2671 est
1074 2627 1144 2670 ser-

104 2698 216 2777 vitus,
243 2716 349 2784 neque
373 2695 413 2760 de
436 2691 475 2760 eo
497 2695 553 2761 *hic
575 2695 729 2781 agimus,
751 2715 868 2758 verum
894 2693 934 2758 de
958 2693 1143 2782 usufructu
1235 2759 1237 2766 ,

92 2784 270 2879 formali,
285 2788 343 2873 qni
362 2781 398 2848 in
415 2784 511 2849 rebus
530 2783 641 2848 alienis
659 2783 877 2847 constituitur.
894 2782 994 2848 Unde
1019 2783 1142 2848 consti-

107 2887 183 2940 tuto
209 2873 273 2939 hoc
296 2871 469 2939 usufructu
496 2895 623 2960 semper
650 2883 854 2936 concurrunt
874 2871 949 2934 duee
972 2875 1142 2960 personae:

107 2963 205 3030 alteri
219 2961 376 3053 competit
389 2965 437 3027 rei
455 2961 655 3040 dominium,
672 2961 805 3024 undeet
816 2959 1069 3048 proprietarius
1082 2983 1145 3026 vo·
1195 3041 1197 3051 Ι

112 3065 228 3136 catur3
247 3053 341 3118 alteri
363 3049 562 3115 ususfructus
585 3051 621 3114 in
643 3071 680 3113 ea
702 3046 1147 3136 re‚hincus1ffructuarius

109 3142 308 3234 appellatur.
323 3140 468 3208 Additur
480 3141 525 3204 4⁰.
543 3138 701 3204 utendum
713 3136 893 3203 fluendum
907 3158 971 3202 esse
982 3139 1082 3204 salva
1096 3139 1147 3203 rei
1204 3185 1209 3194 .
1236 3151 1242 3172 ·

109 3232 322 3300 substantia.
335 3228 529 3294 Aliasenim
543 3251 613 3292 non
625 3238 705 3294 esset
718 3249 809 3307 usus,
822 3225 877 3290 sed
891 3225 1008 3290 abusus
1021 3250 1080 3317 per
1091 3249 1146 3308 ea,
1161 3233 1166 3246 “

110 3343 189 3411 quaa
204 3321 245 3386 de
259 3318 437 3384 differentia
451 3317 827 3384 horum‘vocabulorum
841 3315 955 3470 paullo
968 3327 1044 3382 ante
1057 3315 1147 3382 dixi-

110 3432 200 3479 mus.
221 3410 331 3474 immo
351 3405 466 3474 inutile
487 3408 586 3472 etiam
604 3405 820 3496 proprietario
855 3415 925 3472 oret
939 3405 1147 3488 dominium,

15 3503 16 3506 ’
111 3501 142 3568 si
155 3495 414 3566 usufructuarius
424 3518 496 3560 rem
507 3495 613 3585 ipsam
627 3516 819 3560 consumere
831 3506 947 3583 posset,

156 3643 229 3700 Jure
244 3637 403 3714 ‚hodierno
431 3621 623 3695 ususfructus
647 3639 691 3693 est
713 3634 765 3708 jus
791 3635 893 3694 alienis
917 3635 1008 3696 rebus
1030 3635 1149 3695 utendi-

85 3725 88 3731 ’
112 3723 254 3793 fruendi,
269 3733 303 3780 ut
316 3721 423 3778 faceret
434 3719 496 3793 ipse
510 3719 649 3776 dominus
656 3759 666 3787 ‚
683 3718 735 3776 sed
747 3717 829 3777 salva
840 3719 950 3776 harum
963 3739 1065 3778 rerum
1077 3719 1149 3777 sub-

116 3804 236 3872 stantii.
247 3835 250 3842 Δ
261 3803 334 3865 Ccd.
347 3805 428 3878 Nap.
442 3813 496 3858 art.
517 3800 574 3880 578
585 3815 616 3858 et
622 3799 687 3876 597.

906 4011 997 4094 ss'ts
