2756 4504
232 315 405 404 Qumus
421 314 667 384 aaronitae
681 314 819 382 mour
833 261 1058 385 'vanuum
1085 287 1164 402 ”427

133 435 242 516 aonia,
258 441 360 526 qualis
372 453 436 522 est,
452 464 524 528 quae
534 439 572 504 fit
586 434 627 504 (ib
640 461 681 526 aas
694 439 837 504 alienum
847 435 980 516 uxoria,
994 435 1015 500 l.
1032 431 1117 524 s,ff
1127 435 1171 499 de

123 525 247 613 fundo
263 525 331 594 dot.
350 531 401 595 vel
420 532 456 596 in
468 530 612 611 ejusdem
633 527 835 624 manifestam
855 525 1048 630 utilitatem,
1064 530 1087 588 l.
1102 521 1166 606 26,

136 615 161 680 l.
179 617 243 682 ult.
248 617 296 706 ff
311 619 441 707 dejure
454 619 524 684 dol.

177 778 410 838 Videndum'au-
427 794 457 839 et
478 783 624 858 quatenus
644 780 713 855 iure
730 793 834 838 nostro
851 780 977 837 maritus
998 779 1050 834 liat
1070 775 1172 834 domia

141 879 201 918 nus
216 861 305 918 dotis.
318 865 354 920 Et
371 877 409 922 1⁰.
421 864 446 920 si
457 865 511 921 dos
526 864 658 922 consistit
672 864 702 922 in
716 883 748 920 re
763 862 864 920 mobili
882 861 1020 918 aestimati
1027 902 1037 928 ,
1053 860 1171 916 nullum

139 953 184 1002 est
198 941 327 1000 dubium
339 946 413 1019 quin
424 945 547 1004 maritus
563 965 627 1002 eam
640 946 733 1020 possit
748 945 894 1013 alienare,
916 956 945 1000 et
957 943 1087 1017 pretinm
1105 939 1170 1012 ejus

137 1015 256 1080 tautiim
270 1025 374 1084 debeat
387 1049 396 1098 ;
410 1027 466 1084 uisi
476 1028 675 1084 instrumento
695 1027 788 1084 dotali
801 1027 946 1083 insertum
963 1026 999 1082 sit
1014 1065 1022 1092 ‚
1042 1023 1173 1080 aestima·-

139 1106 254 1162 tionem
273 1125 335 1164 non
356 1105 533 1166 venditionis
548 1110 637 1168 causi
654 1110 744 1167 tuisse
762 1108 976 1182 interpositam.
994 1107 1065 1162 cod.
1088 1107 1172 1178 Nola.
1194 1111 1199 1123 ’

139 1201 194 1244 ort.
212 1185 285 1246 7557.
303 1220 345 1234 -
363 1193 405 1248 2⁰.
430 1191 461 1248 Si
479 1189 639 1249 immobilia
659 1192 693 1248 iu
712 1189 811 1250 dotem
829 1189 898 1246 data
919 1199 1010 1256 sunt,
1030 1185 1167 1263 quamvis

137 1269 281 1326 aestimata
294 1271 425 1340 luerint,
442 1291 504 1330 uon
523 1285 620 1330 tamen
637 1271 735 1328 mariti
751 1269 848 1341 fiunt3
867 1269 923 1326 nisi
936 1269 1070 1346 expresse
1080 1267 1173 1342 fuerit

137 1347 344 1422 declaratum,
372 1353 592 1411 aestimationem
625 1353 801 1411 venditionis
834 1353 923 1410 causi
955 1371 1016 1410 esse
1051 1351 1169 1428 laetam.

139 1446 195 1490 art.
208 1431 285 1491 1552.
299 1434 363 1491 Hoc
375 1447 473 1492 autem
488 1430 634 1494 declarato
647 1476 656 1504 ‚
677 1434 841 1492 dominium
853 1435 974 1510 plenum
985 1425 1016 1490 in
1027 1432 1168 1490 maritum
1237 1497 1238 1505 χ

143 1515 271 1584 transit,
290 1528 318 1572 et
334 1524 501 1596 eontentam
519 1537 580 1574 esse
595 1529 714 1594 oportet
726 1517 898 1585 mulierem,
915 1517 939 1572 ai
953 1516 1051 1572 soluto
1066 1513 1173 1570 matri-

143 1595 248 1654 monio
262 1597 481 1654 aestimationem
494 1600 622 1673 rotatu.
634 1602 669 1655 L.
683 1614 734 1668 to,
748 1599 775 1677 β
792 1597 813 1655 h
821 1597 878 1674 ,ff
892 1599 929 1654 de
935 1601 1004 1670 jure
1013 1599 1072 1654 dot.
1085 1597 1121 1652 L.
1133 1591 1172 1662 5,

145 1679 176 1737 C.
187 1680 257 1735 eod.
273 1709 315 1724 -
328 1679 387 1736 Ubi
397 1680 513 1738 veroid
526 1701 588 1736 aon
601 1681 701 1756 agitur
714 1691 747 1738 ut
763 1681 841 1738 dotis
850 1680 1018 1736 dominium
1030 1679 1068 1734 ad
1081 1677 1175 1732 mari·

142 1771 209 1816 tum
225 1771 355 1818 transeat
364 1801 374 1830 ,
392 1761 448 1820 dos
462 1761 593 1820 mulieris
612 1775 726 1832 manet,
746 1775 774 1819 et
790 1761 821 1816 iu
841 1781 876 1818 ea
895 1761 1019 1818 institua
1036 1777 1099 1816 non
1116 1755 1175 1812 nisi

141 1841 406 1900 administrationis
424 1842 493 1916 jure
515 1845 633 1922 gaudet.
661 1858 718 1903 art.
742 1841 822 1918 1549.
839 1838 1173 1907 summasunmna,

141 1943 206 1980 uon
230 1935 383 2000 tamquam
407 1923 530 2000 simplex
553 1925 732 1999 procurator
758 1926 1001 2000 dispensatam,
1027 1923 1176 1989 Quum,

140 2019 210 2064 tom.
220 2003 261 2073 5,
274 2027 310 2080 p.
320 2008 397 2082 ]78,·
417 2005 470 2064 sed
487 2009 575 2064 habet
588 2008 871 2082 administrationem
885 2007 1028 2082 plenam,
1045 2001 1114 2070 vel,
1136 2011 1173 2058 ut

143 2086 251 2152 aiunt,
265 2083 387 2158 liberam
393 2109 407 2164 3
421 2089 463 2146 ita
478 2101 532 2157 ut,
552 2089 583 2146 iu
602 2091 653 2158 el,
670 2090 808 2148 rideatur
827 2089 913 2164 quasi
931 2086 1093 2154 dominas,
1105 2084 1175 2141 oiim

143 2167 251 2244 reverit
270 2187 332 2224 uon
355 2167 401 2225 sit.
421 2169 457 2225 Et
475 2169 515 2227 sic
532 2171 599 2247 lego
621 2173 703 2246 apud
723 2173 903 2240 hasnum,
928 2171 1051 2245 Jurupr.
1066 2165 1176 2242 flung.

145 2263 176 2306 a.
191 2245 263 2308 323.
278 2249 338 2306 «Le
348 2249 424 2310 ma‘ri
434 2264 477 2309 est
486 2253 512 2330 le
524 2255 627 2310 maltro
638 2257 676 2309 de
686 2257 717 2314 la
728 2253 793 2324 dot,
806 2271 887 2328 pour
898 2271 930 2310 oe
942 2252 994 2328 qui
1005 2249 1096 2308 estde
1107 2239 1178 2306 tad

148 2327 408 2390 ministrationi.
633 2345 636 2350 ·

456 2439 459 2445 .
962 2407 1031 2472 ,Γᾷ
1047 2424 1067 2473 f„
1092 2437 1128 2463 „aa

482 2475 515 2558 ς.
540 2468 836 2540 oocchxva

195 2635 351 2708 Vidimus¹
368 2636 513 2726 primum
528 2639 721 2728 exemplum
739 2638 886 2717 dommi,
901 2638 955 2702 oui
974 2649 1086 2704 manen
1099 2635 1180 2702 alie-

150 2747 230 2790 nare
252 2725 426 2792 nonlicet.
449 2729 601 2792 Alterum
624 2736 668 2794 2⁰.
693 2728 784 2794 uobis
803 2727 937 2792 exhibet
955 2727 1122 2814 pupillus.
1149 2727 1181 2790 is

150 2813 241 2878 euim
266 2826 299 2879 et
328 2814 555 2901 paterfamilias
585 2829 631 2882 est
654 2827 686 2882 at
710 2819 823 2882 reruni
844 2839 978 2882 suarum
1003 2817 1179 2897 deminuo,

151 2924 243 2988 teque
262 2921 299 2966 ao
315 2904 443 2982 minor,
457 2917 489 2970 et
500 2918 610 2970 tamen
622 2917 736 2972 taetrior
744 2907 886 2972 allatrare
895 2915 1019 2995 puteat,
1030 2906 1105 2992 quia
1114 2903 1179 2968 suls

151 2991 253 3056 tulela
268 2991 318 3054 vel
334 2994 477 3058 curatela
492 3006 568 3060 aunt
578 2996 762 3074 constituti,
780 2997 925 3082 adeoque
943 3017 1011 3058 non
1024 2993 1180 3058 habeati-

151 3077 265 3142 beram
278 3101 328 3145 ree
340 3101 412 3146 suas
430 3083 591 3148 alienandi
610 3084 809 3150 facultatem.
825 3087 866 3149 lu
877 3107 920 3150 eo
936 3096 1049 3148 tamen
1064 3083 1181 3148 dmuti-

151 3187 230 3240 meu
249 3179 314 3248 eat,
334 3171 422 3255 quod
441 3172 592 3261 alienatio
607 3196 626 3238 a
642 3175 768 3263 pupillo
790 3173 874 3239 faeta
899 3175 968 3262 ipso
989 3175 1062 3260 jure
1085 3173 1180 3238 nulla

151 3266 220 3334 eat,
248 3255 332 3321 facta
347 3281 377 3322 xa
401 3259 533 3327 minore
554 3263 661 3340 valet,
688 3265 715 3328 si
738 3264 902 3329 acoemerit
922 3263 1180 3350 jusjurandum,

151 3345 241 3432 quod
255 3365 298 3410 ex
308 3347 436 3416 minore
451 3353 612 3435 majorem
628 3351 706 3418 facit
721 3377 781 3442 per
800 3351 1044 3418 fetentissimam
1065 3353 1179 3418 Anah.

151 3433 309 3500 Sacram.
320 3436 505 3522 puberum.
524 3441 561 3506 0.
573 3443 607 3506 si
622 3442 699 3507 adv.
715 3443 841 3508 resedit.
858 3444 943 3508 Cam
956 3461 1034 3530 ergo
1053 3442 1181 3532 pupillo

1192 2337 1318 2504 77

1206 2345 1227 2380 tf

150 3522 293 3592 elimare
318 3544 385 3590 nou
410 3527 524 3610 liceat,
548 3532 693 3618 sequitur
721 3541 765 3600 1⁹.
790 3545 827 3596 ut
847 3553 908 3598 nec
928 3545 1078 3597 mutuam
1100 3532 1182 3596 dara
1212 3545 1259 3580 ν*

149 3615 248 3702 possit
261 3615 445 3702 pecuniam.
462 3619 617 3686 Mutuum
632 3621 721 3686 anim
735 3644 798 3689 esse
809 3622 1052 3701 alienationem,
1065 3632 1180 3686 contra

150 3701 326 3770 Claudium
347 3705 561 3790 Salmasium',
590 3709 697 3775 virum
717 3711 960 3790 doctissimum,
979 3712 1181 3796 argumentis

149 3801 218 3858 tam
232 3793 404 3858 luculentis
416 3796 680 3864 demonstrarunt
694 3799 941 3881 Iurisconsulti,
953 3801 988 3864 in
1001 3801 1116 3890 primia
1125 3800 1142 3864 J
1146 3821 1178 3864 ο.

149 3877 438 3968 Wiaaeubaahiua‚
454 3897 492 3952 ut
506 3887 602 3956 hodie
618 3911 654 3956 ea
670 3889 800 3978 quidem
816 3889 855 3956 de
869 3911 904 3954 ro
925 3907 1024 3957 nemo
1040 3887 1179 3958 dubitet.
