2710 4504
392 295 750 390 nunte‘trm.
990 309 1094 415 „xvij

31 445 33 520 l
85 429 279 506 delicatiores
302 435 501 508 stomachos
528 431 752 506 uberioribus
775 453 817 501 ac
838 425 944 500 nimis
961 425 1092 502 solidis
1136 497 1138 501 Α

84 531 221 605 carnibus
237 533 402 607 obruere.
419 538 502 626 Quo
516 532 594 606 fieri
611 555 800 631 necessunq
815 548 890 618 est,
905 526 1004 626 quod
1017 545 1092 600 sto-

83 631 191 703 machis
204 632 350 730 gravatis
362 631 523 706 accidere
535 629 865 720 animadvertimus,
884 646 1017 698 utnon
1037 651 1092 697 so-

81 728 139 799 lum
156 731 277 820 cibos,
299 731 428 829 quihus
443 759 520 805 sese
535 727 815 843 ingurgitarunt,
835 725 931 798 haud
955 749 1092 836 conco-

80 853 170 922 quere
184 831 342 919 valeant,
356 829 419 912 sed
433 830 538 905 etiam
551 825 776 903 solidioribus
791 822 972 923 capiendis
990 823 1093 922 dige-

78 927 248 1026 rendisque
273 930 385 1028 plane¹
411 929 524 1030 inepti
552 928 756 1005 reddantur.
791 923 950 997 Audiatis
978 921 1092 1018 modo

77 1027 376 1120 CUJhCIUM,
400 1049 576 1120 emunctae
595 1028 688 1100 naris
711 1024 880 1124 judicem.
901 1027 993 1094 Nam
1016 1048 1094 1121 quoe
1122 1061 1125 1067 ·
1167 1113 1169 1120 Α

76 1131 196 1216 scierttia
208 1132 285 1200 luec
299 1148 369 1216 est,
388 1127 522 1226 inquit,
537 1156 613 1228 quea
629 1131 761 1198 modum
772 1153 841 1196 non
851 1128 950 1195 habet
962 1127 1092 1192 ullum

75 1248 137 1318 que
140 1231 232 1320 fines
245 1245 327 1300 'suos
342 1233 534 1324 egreditur?
539 1251 625 1320 quoe
641 1245 714 1298 totu
725 1231 896 1297 aberrata
908 1227 1089 1315 praeceptis

75 1329 147 1409 suis,
162 1345 194 1395 et
209 1354 339 1397 summo
360 1334 421 1398 illo
436 1334 645 1421 praesertim,
664 1353 725 1396 nec
741 1353 764 1395 a
780 1325 977 1396 Justiniano
991 1343 1090 1413 prce-

75 1429 231 1512 termisso,
251 1445 289 1496 ut
306 1431 538 1520 incipientibus
554 1433 636 1518 jura
658 1427 835 1500 eradantur
854 1427 926 1500 levi.
942 1437 976 1488 et
1000 1425 1089 1488 sim-

72 1523 141 1606 plici
154 1533 237 1591 an‘a:
255 1551 300 1594 ue
325 1527 525 1617 difficultate
542 1523 619 1596 'tam
638 1545 825 1594 numerosoe
849 1547 891 1591 oc
910 1523 1094 1613 perplexae

74 1619 109 1682 ab
118 1620 174 1687 loc
188 1625 302 1692 studio
318 1625 556 1696 deterreantur.
573 1621 681 1714 Quod
693 1622 723 1694 si
735 1632 906 1716 caperent
917 1613 1023 1688 etiam
1036 1639 1093 1685 ca·

75 1733 252 1814 verentque
277 1719 489 1792 recentiores
514 1719 718 1817 philosophi
743 1717 853 1816 juris,
874 1714 997 1814 paucis
1017 1738 1092 1785 non

74 1811 202 1886 omnino
216 1817 576 1915 philosopharentur,
598 1845 668 1892 neo
689 1815 836 1890 theoriis
857 1814 930 1886 suis
951 1829 1093 1884 natura·

74 1903 151 1981 libus
167 1911 299 2008 jurium
320 1917 550 2014 positivorum
568 1913 657 1988 fines
667 1915 855 1987 turbarent
866 1969 876 2004 ,
902 1937 970 1983 nec
989 1935 1094 1981 men-

74 2022 115 2076 tes
139 2009 362 2100 discentium,
373 2013 519 2086 infinitis
544 2013 733 2112 generibus
750 2039 790 2084 ac
806 2031 860 2085 tot
877 2007 1000 2084 otiosis
1022 2007 1095 2079 dis·

74 2101 289 2186 tinctiouihus
305 2138 346 2184 ac
358 2111 604 2226 partitionibus
616 2111 829 2202 obruerent,
843 2135 918 2183 non
930 2105 1095 2182 conside·

73 2223 194 2298 rantes,
210 2236 322 2306 quam
336 2209 440 2296 nimis
454 2210 688 2310 intelligendo
700 2209 854 2301 iaciant,
873 2229 914 2281 ut
924 2205 1096 2303 intelliga-
1182 2237 1184 2244 ·

73 2319 137 2372 tnus
151 2305 260 2396 nihil·
277 2309 333 2397 Si,
351 2309 471 2408 judice
488 2311 691 2400 SENECA,
715 2314 889 2403 confusum
902 2328 951 2380 est
959 2364 972 2395 ,
992 2309 1096 2406 quid-

73 2407 139 2492 quid
154 2413 189 2475 in
204 2415 377 2500 pulverem
392 2431 515 2481 sectum
533 2431 582 2481 est
597 2467 610 2497 ,
631 2407 841 2480 methodum
855 2405 951 2479 illam
967 2405 1097 2506 hyper·

74 2499 282 2594 encliticam,
311 2505 379 2579 nisi
399 2507 573 2581 conlundi
595 2507 706 2583 velint
717 2562 727 2598 ,
749 2504 930 2604 inprimis
950 2519 1097 2578 caveant

72 2595 321 2676 lustinianistae.
451 2615 453 2618 ’

111 2791 241 2873 ductor
257 2799 377 2898 itaque
396 2825 588 2900 suasorque
608 2827 687 2874 sum
712 2800 903 2891 omnihus,
927 2799 1099 2900 quicum-

73 2913 132 2984 que
147 2897 250 2994 plana
270 2919 306 2973 et
324 2897 476 2997 simplici
492 2901 546 2976 via
565 2902 610 2973 ad
626 2901 833 2975 solidiorem
850 2900 934 2996 justi
954 2898 1097 2997 injusti-

72 3011 132 3082 que
153 2996 337 3070 scientiam
354 2997 501 3072 tendere
524 2999 701 3097 cogitant,
727 3019 768 3072 ut
785 2998 936 3071 artifices
952 2997 1097 3070 imiten-

71 3101 141 3193 ξῦν,
161 3115 266 3193 atque
288 3125 306 3170 a
324 3096 514 3170 levioribus
533 3125 573 3170 ac
591 3097 752 3170 facilibus
770 3153 780 3189 ,
805 3117 910 3194 atque
932 3095 1024 3168 adeo
1052 3097 1096 3170 ah

70 3187 145 3292 tpsis
158 3193 343 3267 elementis
355 3195 526 3293 incipiant
540 3195 702 3294 ,sibique
714 3195 772 3268 illa
785 3193 924 3294 cognita
939 3213 980 3268 ac
998 3195 1097 3268 fami-

71 3275 154 3360 ltaria
165 3292 327 3369 reddant.
344 3295 471 3367 Finem
483 3322 566 3368 vero
579 3295 675 3368 hunc
693 3295 886 3368 certissime
901 3295 1098 3392 adsequen-

70 3394 136 3473 tur,
147 3390 210 3486 qui
227 3392 421 3467 Elementis
435 3393 681 3469 Heineccianis
695 3394 808 3492 probe
827 3393 974 3490 imhuti,
987 3393 1097 3466 Reci-

70 3482 337 3586 tationes,thae
363 3491 433 3586 jam
458 3493 657 3590 prodeunt,
677 3491 839 3591 nihilque
869 3513 952 3566 sunt
975 3491 1095 3585 aliud,

70 3599 166 3688 <tuam
189 3587 309 3685 paullo
329 3589 508 3687 pleniores
528 3591 798 3665 Elementorum
819 3591 1096 3689 explicationes,

71 3673 245 3778 drligenter
263 3685 404 3785 legant,
431 3689 683 3788 memoriaeque
711 3690 893 3767 mandent.
932 3696 983 3763 Ita
1012 3718 1098 3765 vero

71 3795 182 3854 auctor
194 3781 271 3856 illas
285 3787 450 3858 iustruxit
469 3788 745 3886 adornavitque,
766 3809 806 3862 ut
822 3789 1027 3886 repetitioni
1041 3815 1101 3862 eo·

71 3891 163 4041 lup,
184 3881 246 3980 qui
254 3884 452 3980 quemlihet
465 3886 651 3962 doctorem
663 3889 849 3963 Elementa
861 3887 1100 4052 Heqpccciana
1192 3920 1195 3929 ¹

132 3994 198 4047 ans
217 4001 347 4052 enum.
