2710 4504
268 295 312 362 92
552 295 744 368 -LIBER
770 303 808 386 I,
834 306 942 374 TIT.
970 309 999 373 1.

267 384 378 453 minus
402 413 647 489 persequabrr,
666 411 689 474 l.
724 435 763 494 ι,
780 412 830 503 ffi
851 415 893 480 de
911 417 1123 485 condictione
1132 417 1268 506 furtiva
1280 447 1293 501 ‚⁰
1340 417 1341 512 l

264 475 321 542 aed
333 478 405 564 jam
422 489 564 572 perierat
579 497 723 584 aliquid,
744 505 833 590 quod
848 519 997 595 ereptum
1015 507 1076 572 sibi
1091 507 1216 588 fuerat,
1230 511 1293 574 du·
1340 513 1341 534 ³

266 563 390 632 bitabat
406 570 509 650 iudex
517 629 528 661 ,
544 605 589 648 an
601 585 655 651 hic
677 613 808 678 qnoque
821 594 933 660 locum
946 597 1065 664 habeat
1080 597 1160 684 legis
1181 599 1290 685 rigor,
1340 623 1341 682 q

265 659 498 732 consulebatur
521 668 714 744 Alexander
731 681 927 770 imperator,
949 687 1007 772 qni
1018 686 1042 751 l.
1059 709 1074 751 t
1082 737 1095 766 ,
1114 686 1153 752 0.
1168 688 1210 752 de
1224 689 1292 770 bis,
1340 689 1341 742 l

265 767 345 832 quae
364 751 402 815 νί
420 767 737 848 ηιείιωᾳιιε,σαιιεεα
748 819 761 848 ,
781 773 885 858 legem
906 774 991 838 hanc
1011 775 1052 841 de
1072 777 1292 865 persecutione
1340 791 1341 856 ξ

265 855 379 902 rerum
399 837 599 927 furtivarum
624 855 737 922 locum
758 859 877 928 habere
898 861 998 946 dicit,
1017 865 1145 932 etiamsi
1166 865 1292 956 perierit
1340 885 1341 952 j

264 945 316 990 res
329 924 462 997 furtiva.

316 1015 461 1086 Usualia
481 1038 549 1108 est,
576 1035 709 1118 quando
725 1039 828 1125 judex
843 1057 895 1106 tex
916 1041 1012 1107 rebus
1034 1055 1128 1108 antea
1147 1043 1293 1133 judicatis

191 1142 193 1149 ι
266 1103 351 1190 leges
368 1107 624 1263 interpretatum
647 1125 687 1190 de
709 1149 773 1214 qua
787 1129 1053 1219 interpretatione
1066 1133 1180 1226 agitur
1193 1133 1216 1196 l.
1237 1154 1293 1210 ιε.
1340 1197 1341 1216 ,

253 1191 303 1282 ff
317 1195 445 1285 delegi
464 1203 520 1268 us.
535 1207 589 1272 Sic
602 1235 708 1302 saepe,
724 1217 750 1282 si
766 1218 801 1282 in
822 1214 912 1284 curia
927 1219 1086 1287 dubitatio
1105 1222 1288 1302 suboritur,
1340 1237 1341 1308 J

264 1287 432 1369 quomodo
457 1290 528 1358 brec
551 1299 603 1362 vel
621 1302 676 1368 illa
699 1305 754 1372 lex
773 1309 1017 1398 interpretanda
1037 1313 1103 1392 sit,
1124 1313 1292 1376 decisiones
1340 1359 1341 1370 .

263 1383 387 1440 veteres
400 1383 636 1471 consuluntur,
652 1405 684 1458 et
702 1417 745 1460 ex
766 1397 805 1462 iis
822 1400 1046 1487 interpretatio
1059 1401 1205 1490 petitum
1223 1421 1292 1488 quae
1340 1451 1341 1480 t

264 1459 339 1529 ideo
359 1465 479 1534 dicitnr
492 1477 632 1558 usualis,
653 1485 729 1568 quia
745 1507 788 1550 ex
802 1510 862 1552 usu
878 1489 930 1552 vel
943 1486 1044 1576 praxi
1060 1491 1221 1578 praeterita
1239 1513 1292 1554 su-
1340 1567 1341 1578 χ

263 1551 378 1618 mitur.
395 1555 610 1631 Doctritmlia
625 1569 763 1660 denique
779 1588 825 1642 est
834 1626 845 1658 ,
862 1577 994 1664 quando
1010 1579 1158 1644 doctores
1172 1579 1223 1645 vel
1235 1578 1253 1642 J
1257 1601 1292 1640 u·
1340 1633 1341 1668 ,

251 1639 447 1711 'risconsnlti
462 1648 567 1736 legem
581 1661 763 1727 secundm
773 1666 901 1752 regulas
911 1679 1008 1732 rectae
1022 1667 1291 1758 interpretationis
1340 1715 1341 1758 3

197 1775 209 1792 .
265 1729 512 1821 explicant3de
527 1747 630 1830 qual.
649 1751 815 1842 13,ff‹te
830 1755 917 1844 Leg.
933 1757 984 1820 Eo
1001 1759 1167 1846 pertinent
1184 1779 1292 1822 omues
1340 1763 1341 1848 q

267 1819 506 1894 Commentarii
526 1830 561 1897 in
587 1835 976 1926 Legesalun'sconsultis
991 1847 1123 1936 scripti,
1147 1847 1205 1935 qui
1226 1858 1293 1909 tum
1340 1855 1341 1910 l

265 1907 401 1979 demum
413 1921 640 1991 auctoritatem
655 1929 800 2017 aliquam
812 1935 1010 2016 sortiuntur,
1023 1937 1189 2024 siregulas
1205 1937 1291 2008 bonae
1340 1963 1341 2020 3

263 1997 795 2090 interpretationisobservaverint.
808 2023 956 2088 Tantum
964 2025 1052 2090 enim
1061 2027 1290 2113 valent,qnan·
1340 2049 1341 2118 q

264 2095 336 2152 tum
345 2095 533 2162 rationesab
542 2102 743 2194 eoallegatae.
755 2108 969 2178 Doctrinalis
979 2115 1032 2179 illa
1045 2115 1166 2180 iterum
1177 2114 1291 2204 triplex

260 2188 317 2258 est,
327 2179 377 2245 vel
387 2185 563 2268 extensive,
573 2193 623 2257 vel
633 2197 819 2280 restrictiva,
828 2198 879 2264 vel
889 2200 1095 2270 declarativa.
1107 2205 1291 2271 Extensivu
1340 2235 1341 2286 ς

261 2271 1292 2382 etl‘iquandoratiolegislatiuspatet,quamverba3ade0quead
1340 2291 1341 2342 i

262 2375 373 2421 casum
392 2363 573 2450 porrigitur
588 2371 835 2462 interpretatio,
857 2402 953 2466 quem
970 2383 1024 2449 lex
1039 2406 1110 2448 non
1127 2402 1289 2472 expresse·
1340 2391 1341 2448 Ξ

262 2449 325 2510 rat.
342 2443 379 2512 ll.
392 2471 425 2535 g.
440 2465 587 2522 vetuerat
600 2461 751 2552 princeps
764 2465 834 2554 lege
848 2471 990 2557 poenali,
1006 2495 1047 2538 ne
1062 2472 1135 2560 quis
1148 2471 1290 2538 frumen·
1340 2479 1341 2510 t

262 2542 337 2598 tum
350 2547 541 2626 exportaret
552 2569 570 2611 e
580 2551 749 2637 provincia
763 2557 822 2620 snb
836 2581 932 2646 poena
944 2561 1191 2628 confiscationis.
1204 2561 1290 2626 Men
1340 2585 1341 2642 j

251 2633 370 2705 catur,
386 2627 479 2694 lucro
501 2633 646 2720 inhians,
663 2664 731 2708 non
747 2645 878 2732 quidem
894 2647 1117 2732 frumentum,
1137 2652 1194 2718 sed
1210 2648 1288 2714 fari-
1340 2683 1341 2744 q

263 2734 341 2778 uam
357 2738 399 2781 ex
425 2733 589 2790 ortaverat
603 2723 617 2792 ἐ’
634 2732 859 2834 querebatur,
881 2759 923 2802 an
937 2739 973 2803 in
988 2741 1094 2826 legem
1117 2737 1291 2806 inciderit?
1340 2747 1341 2812 l

246 2801 360 2890 idque
373 2741 606 2880 abirmaudnm
628 2819 817 2905 videbatur,
841 2829 990 2912 quamvis
1012 2823 1067 2894 le'x
1089 2828 1202 2896 farinae
1225 2847 1289 2892 nou
1340 2833 1341 2868 ³

262 2895 466 2964 meminerat.
495 2901 592 2970 Ratio
618 2910 708 2976 enim
728 2911 816 3000 legis'
832 2927 925 2998 erat,
951 2941 993 2984 ne
1018 2942 1156 2984 annonas
1178 2917 1289 2982 caritas

261 2981 417 3071 afflIgenet
442 2995 703 3083 rempublicam,
724 3025 760 3066 ea
787 3023 863 3068 vero
884 3027 975 3092 aeque
1000 3007 1142 3094 affligere
1165 3013 1289 3096 poterat

200 3119 229 3166 ἑ*
260 3075 500 3162 rempublicam
515 3099 688 3172 exportata
703 3088 829 3173 farina,
845 3116 946 3180 quam
962 3094 1149 3176 frumento„
1340 3109 1341 3134 ¹

165 3173 208 3245 ,ᾗ
305 3163 515 3236 Reatrae'rtivc
536 3187 649 3242 contra
674 3189 740 3259 est,
765 3184 896 3266 quaudo
918 3185 1015 3250 verba
1037 3184 1132 3250 latius
1155 3193 1286 3282 patant,

152 3273 166 3298 ·-
228 3309 234 3316 ,
260 3273 362 3336 qnam
378 3256 462 3322 ratio
482 3260 583 3346 legis,
604 3267 748 3354 adeoque
771 3269 1035 3360 interpretatione
1055 3298 1146 3340 casus
1162 3272 1287 3362 excipi·
1340 3279 1341 3342 l

260 3339 336 3423 tur,
355 3365 453 3430 quern
480 3349 579 3416 verba
603 3355 679 3442 legis
701 3359 975 3446 comprehendere
1001 3363 1164 3430 videntur.
1190 3363 1227 3426 Ε.
1254 3381 1286 3444 g·

258 3425 332 3493 Lex
358 3445 427 3497 erat
457 3435 635 3524 Bononiae,
663 3455 699 3507 ut
727 3443 824 3512 refert
853 3449 1010 3517 Everard.
1041 3453 1158 3548 Topu.
1186 3447 1286 3540 legal·

260 3515 320 3584 lib.
339 3520 400 3598 II,
419 3525 470 3588 nt.
491 3531 535 3605 8,
552 3541 608 3610 ut,
624 3533 822 3622 quicumque
837 3541 1029 3626 sanguinem
1045 3542 1080 3606 in
1098 3541 1204 3632 platea
1220 3561 1286 3628 pu·

258 3602 342 3682 blica
356 3606 477 3676 fuderit
485 3663 495 3694 ,
512 3619 625 3707 capitis
640 3621 835 3706 damnetur3
847 3627 1050 3696 barbitonsor
1064 3631 1097 3695 in
1112 3631 1216 3720 platea
1233 3647 1286 3725 ve·

256 3715 337 3762 nam
359 3713 504 3766 secuerat
519 3704 717 3798 hemiplexia
741 3727 915 3804 corrept03
937 3719 1143 3806 quaerebatur
1155 3769 1164 3800 ,
1188 3739 1232 3782 an
1252 3735 1286 3778 in
1340 3749 1341 3818 q

260 3781 368 3870 legem
383 3788 558 3862 inciderit?
572 3797 780 3886 Negabatur,
796 3808 945 3890 quamvis
959 3809 1036 3893 legis
1059 3808 1157 3874 verba
1174 3805 1288 3872 admo·
1340 3845 1341 3892 q

257 3869 339 3944 dum
356 3891 458 3947 essem
471 3887 643 3972 generalia.
659 3888 756 3979 Legis
770 3894 858 3962 enirn
871 3896 956 3964 ratio
972 3909 1042 3964 erat
1058 3897 1288 3986 securitaspu·
1340 3903 1341 3928 l
