2710 4504
202 341 246 429 v]
293 396 324 408 ..

205 471 360 538 tunam
376 473 595 568 respectu,
615 459 706 566 ejus
726 453 995 559 auctoritati,
1016 452 1153 538 animi
1174 456 1247 561 (ut

193 561 265 652 'ita
286 569 450 678 dicam)
460 568 718 684 fhudotarii
736 568 1044 682 subjiciantur3
1061 569 1109 654 in
1124 572 1239 682 ejus-

209 713 296 796 que
333 682 530 770 dominio
561 715 649 771 uon
680 683 765 770 alia
797 716 850 770 ex
868 679 1013 770 'causti
1040 682 1238 788 adscribi

202 797 388 910 possint,
410 797 544 912 quam
570 798 687 912 qudd
712 798 809 884 illos
830 797 931 909 solo,
950 799 1110 886 amoris
1135 799 1239 886 vin-

203 913 302 997 culo
321 911 530 1026 obligatos
551 913 721 1002 habeat.

260 1026 560 1138 Taliterterga
591 1046 632 1112 te
658 1031 749 1140 jam
776 1026 951 1139 pridem
979 1030 1240 1115 constitutus

200 1139 397 1242 fueram,
415 1171 468 1223 ex
488 1171 574 1252 quo
596 1172 679 1226 rao
702 1143 976 1240 Docronn'ru
992 1141 1133 1228 theses
1150 1173 1238 1256 pu-

198 1251 335 1338 blicas
353 1254 399 1337 in
415 1253 744 1340 Consultissimd
761 1255 992 1338 Parisiensi
1013 1255 1236 1342 Facultate

199 1395 478 1480 propugnare
495 1369 788 1470 institueram,
800 1369 991 1478 primam
1006 1367 1236 1474 hactenus,

57 1487 59 1492 ’
83 1535 85 1538 -
200 1481 259 1565 ab
278 1482 528 1565 instauratis
550 1484 724 1566 durium
743 1479 911 1566 Scholis
927 1481 1237 1601 'hujuscemodi

198 1595 589 1680 exercitationem:
619 1595 689 1680 cui
720 1593 900 1707 quidem
931 1625 1112 1708 praeesse
1146 1627 1239 1682 non

153 1757 159 1764 -
200 1707 484 1820 dedignatus,
502 1709 569 1825 ‘ita
590 1707 643 1794 de
663 1738 734 1792 me
754 1709 935 1792 meritus
960 1740 1028 1813 es,
1055 1730 1129 1814 ut,
1151 1711 1239 1794 tuis

188 1822 417 1934 auspiciis,
427 1823 503 1906 vix
513 1822 974 1935 vigesimum-tertium
986 1825 1120 1908 aetatis
1129 1853 1241 1907 meae

200 1964 370 2020 annum
385 1965 533 2046 agens,
552 1935 736 2048 gradum
752 1935 880 2018 illum
894 1935 1108 2045 insignem
1123 1937 1239 2022 obti-

200 2048 417 2152 nuerim,
452 2071 538 2161 quo
569 2050 863 2134 recentiorum
894 2048 1048 2132 Galliae
1078 2070 1238 2134 nostrae

201 2161 452 2248 Doctorum
469 2164 669 2246 Decanus
685 2161 738 2246 de
753 2165 928 2274 repente
943 2163 1086 2267 extiti,
1099 2165 1145 2246 in
1156 2163 1239 2247 flo-

201 2276 451 2360 rentissima
467 2275 542 2358 illa
552 2341 566 2378 ,
583 2276 686 2360 licet
700 2275 925 2360 umbratili
941 2275 1121 2381 militia,
1137 2296 1238 2389 tyro

199 2389 360 2494 simul,
384 2409 425 2474 te
441 2388 643 2493 favente,
666 2411 708 2474 et
728 2409 969 2474 veteranus.
1067 2445 1075 2468 s

255 2502 450 2590 Decebat
464 2503 628 2616 quippe
644 2533 714 2588 me
731 2502 840 2586 tanti
855 2500 1055 2587 beneficii
1070 2533 1240 2590 memo-

198 2647 296 2702 rem
316 2637 360 2702 et
378 2637 554 2730 ,gratum
576 2616 808 2724 exhibere,
828 2647 1014 2729 cumque
1031 2619 1237 2704 nonnihil

199 2729 410 2815 haberem
434 2729 768 2834 sollicitudinis,
799 2729 915 2814 unde
942 2729 1093 2841 dignas
1116 2751 1239 2816 tanto
1348 2749 1350 2826 g

197 2847 296 2928 viro
334 2863 473 2958 grates
508 2845 661 2929 liceret
695 2842 930 2956 aliquando
965 2843 1238 2954 persolvere,

197 2957 347 3072 aptius
361 2958 475 3042 mihi
490 2959 634 3043 visum
656 2957 819 3042 esttibi
840 2956 1042 3040 laborum
1058 2957 1239 3044 illorum

198 3072 366 3158 sructus
383 3073 550 3178 dicare,
561 3102 746 3176 vovere,
759 3100 1032 3172 consecrare,
1047 3068 1101 3153 ad
1113 3101 1236 3184 quos,

197 3189 315 3276 nord
344 3205 387 3271 et
414 3187 625 3294 crescenti
653 3186 700 3270 in
730 3183 821 3268 dies
850 3184 1070 3268 alacritate
1101 3215 1239 3282 exan-
1344 3231 1345 3277 t

196 3283 384 3413 tlando's,
395 3293 490 3416 ipso
503 3300 706 3386 Doctoris
718 3297 846 3384 titulo
858 3295 1239 3383 vehementissime

196 3415 435 3500 excitabar.
488 3429 507 3440 ”
672 3507 676 3515 ,

195 3545 225 3566 ·'
255 3532 408 3642 Ne'que
435 3547 619 3632 tamen,
637 3523 851 3640 quidquid
877 3523 1158 3639 indulgentiae
1189 3528 1237 3614 in

197 3643 315 3730 adita
331 3644 540 3728 hactenus
556 3643 581 3726 a
595 3668 666 3725 me
677 3641 884 3756 opuscula
900 3641 1154 3744 contuleris,
1176 3642 1241 3726 id-

196 3759 317 3843 ·circ'd
344 3760 514 3856 tantum
540 3757 732 3841 audaciae
757 3757 961 3868 concepi,
983 3773 1033 3838 ut
1056 3773 1131 3840 tuo
1155 3785 1238 3838 no-

191 3874 319 3957 mine
348 3872 556 3984 insignita
581 3872 628 3956 in
659 3871 803 3957 lucem
828 3867 1052 3984 publicam
1082 3867 1242 3984 prodi-¹

1343 3331 1344 3381 l

1341 3443 1343 3483 l

1331 4041 1337 4210 l
