2644 4504
185 351 249 440 an
438 349 956 435 rnaan1,rm2xxn

182 443 327 528 uendere
346 485 410 546 per
429 453 579 544 litteras,
597 463 696 527 modo
718 463 747 526 is
769 463 891 541 tutoris
907 462 1106 530 auctoritate
1124 479 1197 524 non·

181 551 333 614 sentiat?
344 551 407 614 Sed
418 573 501 638 resp.
511 553 599 616 harro
611 553 715 638 legem
727 551 819 616 nobis
834 575 897 616 non
914 551 1082 630 adversari.
1097 551 1195 616 Potest

179 639 270 704 enim
284 641 395 703 absens
416 639 486 725 quis
499 639 690 706 contrahere
705 663 780 706 cum
797 643 923 730 pupillo
932 691 941 722 ,
963 642 1016 706 sed
1031 663 1097 712 non
1110 637 1195 702 debet

182 751 200 791 a
218 728 345 816 pupillo
364 727 475 791 absens
491 750 554 793 esse
573 739 680 808 tutor,
702 731 756 794 sed
775 731 804 794 ei
822 730 1152 802 contrahenti'ooram
1169 735 1198 790 et
1309 749 1310 770 ¹

181 816 1200 906 praesenseonsentire.i'aucis:Is,quocumoontrahitpupi'dus,
1309 799 1311 854 i

180 916 285 993 potest
302 923 366 969 esse
381 903 505 984 absens,
521 906 695 984 sedtutor,
711 909 801 994 cujus
817 907 1005 972 auctoritate
1023 903 1180 971 contrahit
1189 950 1199 982 ,

126 1006 127 1010 ’
181 1016 321 1082 praesens
337 1017 400 1074 esse
418 993 522 1058 debet.
546 1004 590 1058 2⁰.
606 995 714 1080 Objici
734 1009 836 1083 posset
857 997 967 1074 tat,
990 997 1020 1080 S.
1042 993 1082 1076 4,
1096 990 1141 1082 ff.
1163 991 1201 1056 de

182 1082 289 1170 adqu.
306 1083 359 1146 val
378 1083 487 1147 omitt.
505 1083 615 1148 bared.
631 1084 688 1148 ubi
701 1085 819 1148 dicitur
832 1107 997 1173 expresse,
1022 1083 1206 1156 auctorem,

182 1179 250 1235 tem
264 1193 369 1266 poree
382 1169 533 1259 perfecto
547 1175 681 1258 negotio
700 1175 871 1261 interponi
879 1187 1012 1260 ,quum
1026 1185 1136 1237 tamen
1149 1189 1203 1232 nos

180 1259 374 1339 dixerimus,
394 1259 428 1322 in
446 1259 515 1346 ipso
532 1261 641 1324 statim
660 1265 808 1346 negotio,
827 1285 895 1326 non
912 1285 950 1326 eo
963 1264 1030 1344 jam
1045 1259 1200 1350 perfeeto,

179 1347 450 1436 interponendam
460 1350 767 1414 esseauctoritatem.
783 1352 853 1414 Hoc
863 1349 1092 1414 dubium'tanti
1103 1349 1203 1415 visum

179 1448 226 1500 est
245 1437 367 1501 Jacobo
389 1434 609 1516 Gothofredo,
632 1437 651 1500 J
655 1439 866 1505 urisconsuito
886 1439 1148 1516 adcuratissimo,
1169 1445 1209 1512 ut,

178 1523 215 1589 in
229 1524 414 1590 Commeat.
431 1528 478 1592 ad
490 1526 512 1589 l.
526 1547 585 1610 29,
588 1521 636 1614 ff
648 1527 689 1590 de
702 1529 747 1592 R.
761 1529 795 1592 J.
810 1539 938 1591 textum
950 1528 1123 1598 emendare
1137 1545 1213 1592 uon,
1251 1561 1253 1569 ι

180 1611 304 1678 dubitet
316 1625 348 1677 et
358 1636 435 1702 pro,
441 1611 591 1700 perferre
601 1638 643 1678 ne
668 1617 750 1693 otio,
761 1617 881 1702 legere,
890 1625 1048 1704 provecto
1060 1615 1203 1704 negotio.

180 1703 244 1768 Sed
261 1724 327 1766 non
346 1725 426 1790 opus
440 1713 487 1766 est
505 1713 574 1766 tam
589 1639 727 1775 vioiienta
743 1706 914 1770 medicina.
931 1705 1122 1769 Auctoritas
1137 1723 1206 1769 om-

179 1792 259 1855 nino
278 1791 512 1879 interponenda
527 1791 669 1878 perfecto
684 1793 831 1878 negotio,
846 1793 901 1858 sed
916 1817 984 1858 non
996 1785 1067 1880 jani
1082 1791 1207 1882 pridem

204 1879 339 1958 erfasto,
352 1903 468 1946 verum
480 1879 588 1946 statim
598 1881 732 1946 simulac
743 1881 923 1970 perfectum
936 1893 999 1964 est,
1014 1905 1043 1946 e.
1060 1904 1093 1976 g.
1106 1883 1206 1945 simu·

168 1903 230 2034 iic
245 1969 389 2058 pupillus
407 1969 508 2036 dixit:
525 1971 681 2056 promitto
696 1984 845 2052 eentum,
863 1972 970 2036 statim
989 1971 1134 2060 perfecta
1147 1969 1206 2032 hae

179 2057 391 2146 promissione
414 2069 503 2122 tutor
527 2059 621 2122 debet
640 2059 756 2125 addere
774 2087 782 2122 z
802 2061 916 2124 auctor
937 2059 991 2124 iio.
1015 2059 1088 2144 (11.)
1111 2055 1207 2144 Quod

178 2159 270 2234 tutor
288 2158 402 2210 auctor
418 2145 489 2212 fieri
507 2145 619 2212 debeat
634 2169 733 2234 pure,
752 2172 820 2213 non
831 2147 892 2212 sub
909 2149 1116 2226 conditione,
1131 2169 1159 2210 e.
1175 2166 1215 2230 g..

105 2300 123 2322 „U
179 2258 249 2300 non
267 2236 361 2303 debet
375 2235 500 2300 dicere:
514 2235 704 2317 Consentio,
719 2237 745 2300 si
758 2237 790 2302 id
807 2238 883 2301 utile
898 2238 960 2302 erit
973 2237 1101 2325 pupillo
1116 2257 1207 2312 mee,

179 2325 234 2388 sed
260 2347 365 2412 pure:
386 2323 569 2389 Consentio
603 2324 778 2391 Rationem
797 2327 867 2412 jam
891 2323 1109 2405 reddidimus,
1134 2323 1207 2410 quia
1306 2343 1309 2405 ,¹

180 2423 270 2475 actus
295 2409 457 2498 legitimus
482 2435 550 2490 non
577 2413 719 2478 admittit
745 2417 983 2496 conditionem,
998 2413 1035 2479 -l.
1065 2416 1144 2494 123,
1160 2406 1206 2500 ff·
1306 2408 1309 2429 “

179 2501 220 2566 de
234 2500 280 2568 R.
293 2499 330 2566 J.

488 2622 890 2707 §.conretocnrr

224 2771 378 2837 Alterum
392 2761 531 2835 'axioma
552 2783 597 2836 est
620 2795 628 2832 :
647 2771 866 2837 Auctoritatis
885 2774 1008 2838 tutoris
1027 2796 1116 2858 opus
1136 2765 1205 2846 est,

179 2863 310 2951 quoties
323 2860 467 2924 deterior
477 2857 564 2948 fleri
576 2862 690 2946 possit
710 2861 858 2926 conditio
871 2862 1009 2948 pupilli.
1037 2861 1209 2925 Meliorem

180 2953 268 3016 enim
286 2949 506 3014 conditionem
522 2971 616 3042 epam
632 2947 738 3015 facere
750 2951 893 3038 pupillus
908 2961 1010 3040 potest
1027 2949 1129 3014 etiam
1142 2949 1208 3014 sine
1308 2949 1311 3024 Ϊ

178 3040 295 3104 'tutoris
313 3039 525 3118 auctoritate,
544 3051 737 3102 nouantem
755 3039 965 3118 deteriorem,
980 3062 1039 3126 pr.
1055 3039 1154 3106 dant.
1176 3035 1207 3099 h.

181 3141 205 3192 t.
228 3127 277 3192 At
296 3128 426 3212 quando
446 3127 564 3191 dicitur
590 3127 758 3192 meliorem
778 3123 996 3192 conditionem
1016 3135 1111 3190 suam
1131 3125 1208 3191 red-

180 3217 285 3280 dere?
310 3227 342 3280 et
367 3217 498 3302 quando
523 3215 742 3281 deteriorem?
769 3216 867 3306 Resp.
895 3215 1085 3281 Meliorem
1106 3213 1210 3280 reddit

180 3303 401 3370 conditionem
415 3327 508 3368 suam
527 3305 692 3393 pupillus,
712 3305 835 3392 quoties
853 3303 934 3370 alter
950 3303 1009 3392 ipsi
1024 3303 1193 3390 obligatur
1202 3351 1210 3381 ,

180 3415 259 3478 ag.
275 3393 406 3478 quando
427 3393 507 3456 alius
521 3393 648 3480 pupillo
665 3393 843 3480 promittit,
860 3395 976 3472 donat,
997 3393 1208 3464 commodat:

181 3481 381 3548 deteriorem
395 3492 523 3560 autem,
542 3482 665 3566 quoties
683 3481 826 3570 pupillus
841 3505 873 3547 se
889 3478 1012 3567 obligat
1029 3477 1107 3558 atu,
1121 3469 1184 3546 '53⁰'
1174 3501 1206 3566 g.

180 3570 207 3638 si
221 3569 365 3658 pupillus
382 3569 472 3633 alteri
491 3570 669 3657 promittit,
688 3569 811 3650 donat,
828 3572 1026 3638 commodat.
1044 3571 1126 3634 lnde
1140 3569 1213 3654 jam

140 3723 147 3730 ,
180 3653 290 3744 fluunt
308 3658 380 3720 duae
394 3658 612 3746 perelegantes
629 3661 850 3727 conclusiones
870 3686 878 3724 ε
896 3659 942 3747 (a)
963 3657 1050 3746 quod
1063 3657 1210 3746 pupillus

180 3753 248 3814 sine
268 3745 457 3811 auctoritate
473 3747 533 3810 sibi
550 3747 590 3815 ab.
610 3748 673 3812 alio
686 3749 834 3838 stipulari
848 3761 879 3814 et
894 3770 1101 3834 quocumque
1116 3745 1209 3810 titulo

181 3831 340 3916 lucrativo
363 3835 532 3922 adquirere
554 3839 660 3922 possit.
686 3837 739 3903 Sic
751 3839 846 3912 ,enim
869 3838 948 3902 alius
969 3836 1118 3926 pupillo,
1140 3856 1209 3899 uon

181 3926 248 4016 ipae
267 3923 320 3992 alii
339 3923 510 4012 obligatur.
527 3925 616 4014 Ergo
632 3937 739 4018 potest
758 3925 906 4018 pupillo,
928 3925 1055 3996 absente
1075 3936 1206 4004 tutore,
