2756 4504
339 384 409 452 DE
436 383 877 454 DONATIONIBUS.
1056 377 1122 454 425

95 516 173 560 nare
188 515 256 562 non
271 515 451 584 possumus.
466 491 566 560 Unde
585 493 660 584 ipsis
677 488 822 560 barbaris
837 490 925 558 Indis
943 488 1125 556 ludibrium

94 584 205 651 debuit
223 584 266 650 Pa
290 605 309 648 a
327 583 517 668 Romanus,
533 583 665 670 quando
678 581 750 670 regi
763 584 902 674 Hispan.
918 579 1053 648 donavit
1066 579 1126 644 In·

93 668 183 739 'diam
201 684 234 739 et
252 605 454 740 Kmericam.
469 671 619 737 Dicimus
637 673 683 740 5⁰.
686 673 775 760 jure
789 672 892 746 nullo.
900 679 1038 761 cogente
1052 666 1125 734 col·

94 763 207 829 latam.
222 761 311 828 Nam
326 763 350 826 si
366 761 437 848 quis
453 761 545 827 alteri
560 761 636 843 dat,
655 761 743 850 quod
758 761 869 844 debet3
882 761 909 826 is
923 781 992 825 uon
1005 758 1106 823 donat
1112 806 1124 838 ,

94 852 149 917 sed
166 851 274 918 solvit.
288 853 342 918 Ex
356 873 422 938 quo
434 850 535 916 etiam
547 850 776 939 intelligimus,
792 851 845 917 hic
856 869 1040 916 sermonem
1054 867 1125 912 nun

92 963 158 1006 esse
179 941 220 1006 de
238 945 312 1026 jure
329 938 538 1028 imperfecto,
559 941 613 1006 sed
628 937 792 1030 perfecto,
811 942 933 1028 quippe
956 937 1045 1026 quod
1068 959 1124 1000 so·

92 1029 166 1096 lum
183 1029 327 1096 admittit
343 1029 556 1094 coactionem.
583 1029 675 1094 Hinc
690 1031 722 1094 'si
744 1029 815 1118 quis
835 1027 929 1094 alteri
946 1025 1025 1116 quid
1043 1047 1125 1091 con-

91 1117 178 1201 tert,
194 1118 282 1206 quod
297 1119 371 1206 jure
389 1117 580 1206 imperfecto
597 1117 713 1200 debet,
734 1140 762 1184 e.
784 1139 817 1206 g.
838 1139 881 1183 ex
901 1114 1123 1206 gratitudine:

92 1219 207 1274 manet
230 1207 373 1272 donatio.
403 1208 485 1272 Hoec
512 1207 552 1273 de
576 1206 762 1273 delinitione
789 1234 797 1272 ι
825 1207 971 1294 sequitur
997 1203 1125 1286 divisio.

91 1297 214 1364 O'muis
242 1297 331 1363 enim
356 1295 487 1361 do‘natio
510 1308 568 1360 aut
596 1296 634 1362 fit
659 1300 751 1364 inter
779 1297 874 1362 vivos
906 1307 970 1362 aut
1003 1295 1125 1374 mortis

44 1419 48 1424 ·
90 1409 230 1453 omisca.
253 1387 354 1452 Inter
382 1387 477 1452 vivos
504 1384 564 1466 fit,
590 1407 664 1474 quta
688 1387 755 1452 siue
776 1392 923 1475 respectu
948 1383 991 1451 'ad
1010 1405 1125 1450 casum
1211 1459 1214 1464 ¹

92 1475 209 1541 mortis
226 1475 432 1542 celebratur:
455 1476 575 1541 mortio
595 1499 719 1541 caussa
728 1525 740 1556 ,
765 1474 838 1563 quse
857 1485 992 1566 propter
1008 1474 1137 1550 mortis,

91 1564 132 1631 fit
151 1564 392 1654 suspicionem,
415 1561 461 1628 ita
480 1574 521 1628 ut
542 1563 785 1651 quodammodo
804 1564 871 1654 ipse
893 1563 1032 1628 donator
1051 1585 1125 1627 rem

78 1653 154 1742 ⁸sibi
173 1653 293 1720 habere
314 1653 424 1729 malit,
450 1673 551 1740 quam
574 1653 630 1718 alii
650 1653 848 1734 concedere,
870 1653 933 1718 nisi
955 1651 1035 1740 quid
1058 1651 1124 1716 hu-

91 1743 187 1808 mani
214 1743 275 1832 ipsi
308 1741 472 1808 acciderit.
500 1741 640 1830 Elega'us
673 1739 863 1811 Telemachi
890 1743 938 1810 ita
975 1741 1127 1820 donantis

91 1833 288 1922 exemplum
304 1853 348 1897 ex
363 1831 502 1897 Homer.
524 1830 643 1921 Odyaa.
663 1837 695 1898 v.
740 1855 782 1921 7,
804 1842 908 1897 exstat
925 1829 962 1896 iu
979 1831 1059 1896 Inst.
1083 1831 1125 1895 de

91 1921 212 1988 donae.
229 1921 348 1987 Cautus
364 1941 442 1988 vero
465 1941 525 1986 nos
549 1943 613 1987 esse
634 1921 726 1987 decet
737 1971 747 2005 ,
768 1935 810 1987 ne
834 1920 1022 1986 donationes
1040 1919 1135 1984 inter,

91 2013 187 2079 vivos
199 2023 231 2076 et
246 2011 360 2076 mortis
378 2032 487 2075 caussa
499 2009 751 2077 confundamus.
764 2011 783 2076 J
785 2011 934 2092 ulianus,
948 2019 1027 2076 teste
1041 2007 1124 2098 Utp.

91 2101 117 2168 l.
139 2122 179 2179 2,
182 2099 231 2190 ff.
249 2099 292 2166 de
307 2111 408 2164 mort.
425 2123 537 2164 cauas.
554 2099 633 2166 don.
651 2112 716 2166 tres
734 2100 853 2190 species
865 2121 929 2165 esse
950 2099 995 2164 ait
1011 2099 1126 2176 mortis

91 2213 204 2256 caussa
219 2189 433 2254 donationum
452 2213 461 2252 e
484 2211 618 2269 unum,
637 2211 741 2278 quum
757 2190 829 2280 quis'
847 2190 940 2254 nullo
960 2189 1126 2280 prlaesentis

91 2279 232 2365 periculi
245 2289 336 2344 metu
347 2278 540 2344 conterritus
554 2278 620 2343 sola
635 2278 839 2344 mortalitatis
856 2278 1052 2366 cogitatione
1064 2277 1125 2342 do-

90 2379 177 2440 nata
197 2367 342 2440 ultorum
353 2415 366 2447 ,
390 2369 495 2456 quum
524 2369 595 2456 quis
619 2367 812 2434 imminente
837 2367 952 2432 mortis
977 2367 1127 2458 periculo

91 2468 280 2524 commotus
297 2457 343 2521 ita
357 2455 431 2538 dat,
450 2467 487 2520 u't
503 2457 611 2522 stathn
628 2457 686 2523 ilat
702 2457 908 2548 accipiuntis3
922 2459 1061 2525 tertiam
1070 2507 1082 2538 ,
1098 2457 1125 2522 si
1171 2517 1172 2522 ,

91 2547 168 2638 quis
179 2546 325 2652 periculo
335 2556 522 2611 commotus
538 2567 608 2610 non
626 2547 671 2612 sic
690 2548 764 2628 det,
782 2545 940 2612 utstatim
959 2547 1016 2614 fiat
1037 2545 1125 2610 acci·

117 2638 232 2718 ientts,
249 2635 303 2701 aed
326 2647 404 2702 tunc
424 2634 579 2716 demum,
598 2635 624 2707 si
641 2659 730 2704 mors
747 2634 845 2719 fuerit
866 2637 1049 2723 insequuta.
1075 2635 1127 2706 lta'

90 2661 266 2805 lulianus,
284 2725 493 2810 cujusetiam
511 2725 753 2816 philosophiam
767 2725 914 2792 videmus
933 2725 955 2789 l.
975 2727 1032 2804 13,
1043 2725 1073 2810 5.
1090 2747 1124 2806 a,

91 2826 130 2880 at
144 2815 167 2880 l.
184 2817 233 2881 35
243 2863 254 2894 ,
270 2815 302 2900 5.
321 2812 364 2894 4,
373 2813 422 2904 ff
443 2813 516 2880 eod.
534 2814 637 2879 Sedsi
656 2827 743 2880 recte
758 2837 919 2906 ponamus
935 2815 1123 2892 calculum,

88 2905 198 2970 altera
211 2903 329 2992 species
347 2925 414 2968 non
432 2913 565 2968 tameat
584 2901 718 2969 donatio
737 2905 851 2969 mortis
873 2925 982 2968 caussa
992 2951 1002 2984 ,
1022 2923 1124 2990 quam

90 2994 180 3060 inter
197 2995 296 3062 vivos.
313 2993 369 3056 Eat
382 2991 515 3080 quidem
533 2990 665 3060 donatio
679 2993 863 3074 morientis,
878 3004 912 3057 at
926 3014 995 3056 non
1009 2991 1125 3058 mortis
1228 2996 1232 3006 '

92 3103 224 3164 caussa,
237 3082 360 3172 quippe
375 3103 448 3170 quaa
461 3093 649 3170 semper·est
666 3081 903 3163 irrevocabilis,
921 3081 945 3146 l.
958 3077 1026 3162 42,
1041 3081 1072 3168 5.
1090 3103 1103 3145 t
1112 3131 1124 3163 ,

82 3168 134 3263 ff.
151 3171 224 3240 eod.
241 3173 329 3258 Ergo
343 3171 626 3257 distinguendum,
641 3171 728 3238 itane
740 3173 813 3260 ,quis
831 3172 947 3253 donet,
963 3181 1002 3235 ut
1017 3169 1125 3236 domi-

91 3261 190 3327 nium
211 3258 549 3335 statimtransferatur
565 3273 597 3326 et
615 3261 718 3326 solam
738 3261 964 3350 possessionem
985 3260 1126 3326 donator

92 3350 154 3417 sibi
176 3349 217 3415 ad
240 3361 381 3415 mortem
404 3372 504 3437 usque
525 3361 687 3430 reservet3
705 3373 751 3416 an
777 3351 915 3415 donator
938 3361 1044 3417 morte
1065 3350 1125 3416 de·
1195 3412 1197 3427 ,

93 3461 191 3510 mum
207 3441 374 3526 insequuta
388 3439 572 3505 dominium
587 3437 758 3506 transferre
775 3439 867 3521 velit,
882 3439 1029 3528 nihilque
1043 3440 1124 3505 adeo

13 3561 14 3568 ¹
94 3541 215 3622 praeter
234 3529 381 3631 spemin
401 3529 609 3595 donatarium
629 3527 829 3597 transferat?
847 3529 958 3595 Priore
982 3551 1059 3594 casu
1077 3535 1132 3593 est'

94 3620 229 3686 donatio
247 3619 458 3700 interrivos,
474 3619 539 3684 sive
556 3619 611 3684 ille
627 3639 648 3683 a
669 3641 748 3686 sano
770 3631 801 3684 et
820 3618 978 3684 incolumi
988 3668 999 3700 ,
1020 3618 1086 3686 sive
1105 3639 1125 3695 a

94 3708 294 3778 moribundo
309 3708 377 3774 fiat.
393 3708 570 3774 Posteriora
584 3730 660 3772 casu
671 3709 804 3774 donatio
813 3707 929 3775 mortis
939 3729 1048 3773 caussa
1063 3715 1127 3787 est,

94 3798 162 3864 sive
175 3799 345 3866 immineat
357 3799 472 3864 mortis
487 3798 689 3887 periculum,
702 3801 769 3870 aive
782 3821 851 3865 non
866 3797 1048 3863 immineat.
1063 3795 1127 3862 Ce-

91 3899 204 3956 terum
222 3911 266 3956 ex
285 3888 335 3954 his
352 3885 592 3960 definitionibus
609 3887 683 3954 satis
698 3898 787 3976 putet
796 3936 806 3969 ,
821 3887 1032 3954 donationem
1043 3885 1129 3952 iuter

95 3978 187 4050 rivos
205 4001 269 4047 esse
278 3987 448 4068 partum,
472 3978 525 4047 eui
541 3977 604 4046 lex
624 3976 776 4064 adsistit„
787 3989 867 4069 puta
887 3975 910 4044 l.
930 3972 978 4046 ‘35
988 4023 1001 4062 ,
1025 3973 1064 4046 0.
1084 3973 1127 4044 da
