2644 4504
188 227 191 232 .
508 185 629 234 *Am

153 319 213 386 nn
226 315 661 388 sarrsnsruuron.
675 311 957 384 vsucusar.
1002 313 1066 382 501

371 479 410 565 a.
433 473 729 544 cccxxxvi

95 622 166 690 Dixi
183 624 295 715 paullo
308 635 382 690 ante
390 673 400 706 ,
414 621 511 688 hodie
527 620 724 712 paucissimis
738 620 815 689 locis
828 632 993 710 receptam
1003 643 1069 690 ease

60 713 289 780 satisdationem
306 715 359 779 Sic
373 713 408 779 in
427 712 576 778 universa
590 709 656 776 fere
672 709 850 776 Germania
869 721 990 776 tutores
1007 735 1069 777 nec

59 802 211 883 satisdant,
239 825 299 868 uec
320 803 451 889 jurant,
474 801 622 888 quamvis
645 801 678 864 id
704 800 855 886 exigatur
877 801 912 864 in
935 799 1070 867 Recess-

62 885 131 978 imp.¹
153 893 207 958 cel
229 891 367 980 reform.
386 891 484 978 potu.
509 892 551 954 de
572 913 655 953 uun.
681 895 784 974 ¹577›
810 891 862 953 tir.
888 892 952 970 32,
973 891 1004 976 ς.
1033 894 1068 956 3.

60 977 162 1045 Caussa
176 1003 242 1046 non
261 979 353 1046 facile
373 981 543 1069 reperitur.
562 977 703 1056 Dicunt,
719 977 790 1044 ideo
811 999 879 1041 non
901 1000 983 1066 opus
1006 1002 1070 1044 esse

60 1068 268 1151 satisdatione,
291 1069 368 1158 quia
390 1091 457 1133 non
482 1068 601 1132 dentur
622 1077 761 1147 tutores,
788 1066 847 1138 nisi
869 1067 926 1154 qui
948 1068 1073 1133 immo-

62 1155 124 1222 bilia
146 1159 327 1248 possident,
350 1156 525 1244 inquibus
548 1156 689 1248 pupillus
711 1157 829 1241 gaudet
851 1157 946 1221 tacita
963 1158 1075 1245 hypo·

9 1325 10 1328 Ἴ
59 1243 151 1312 theca.
177 1249 240 1313 Sed
263 1247 296 1312 td
320 1269 380 1312 nec
401 1244 632 1332 legislatoribus
653 1244 717 1308 istis
738 1244 888 1330 ignotum
908 1257 992 1326 erat,
1015 1248 1073 1334 qui
1143 1275 1146 1278 ·

8 1337 10 1424 l
59 1333 258 1412 nihilominus
267 1347 300 1400 et
310 1335 539 1422 jusjurandum
553 1345 585 1398 et
595 1333 832 1398 satisdationem
847 1335 996 1420 exigunt.
1010 1335 1074 1402 Sed

8 1443 9 1450 ¹
58 1443 154 1490 caussa
164 1425 303 1491 fortassis
314 1436 377 1504 est,
392 1445 491 1511 quam
502 1423 609 1508 jocose
621 1443 688 1486 non
699 1443 797 1488 nemo
810 1422 923 1508 lingit,
935 1446 1074 1491 recessus

58 1509 176 1602 imperii
198 1513 386 1580 Germanioi
411 1512 475 1576 dici
497 1513 580 1598 leges
601 1511 832 1590 Germanicas,
854 1511 929 1597 quia
950 1513 990 1576 ab
1012 1515 1074 1579 illis

57 1599 182 1690 impune
194 1605 375 1669 recedatur.
390 1601 454 1666 Sed
467 1623 507 1666 ue
521 1601 556 1664 in
571 1599 748 1666 Hollandia
767 1600 898 1686 quidem
917 1598 949 1665 et
973 1603 1074 1668 ttrisia

58 1693 286 1758 satisdationem
303 1691 406 1778 exigi,
430 1690 545 1755 veriam
564 1689 813 1774 jusjurandum,
832 1689 950 1754 docent
967 1691 1076 1758 Sand.
1100 1735 1107 1746 ·

60 1777 78 1840 l.
95 1782 156 1862 II,
171 1781 238 1868 defi
259 1804 305 1867 9,
322 1782 432 1866 tit.9,
451 1777 548 1844 Grot.
563 1777 709 1843 manual.
724 1778 958 1867 adjueBelg.
975 1781 1085 1866 139,-

61 1867 97 1930 V
94 1871 209 1935 innius
220 1871 269 1936 od
273 1893 332 1958 pr.
346 1869 434 1934 Inst.
450 1869 482 1932 b.
500 1880 523 1932 t.

93 2012 198 2070 Codice
210 2012 397 2086 Napoleone‚
408 2011 490 2068 nulla
503 2010 630 2087 exigitur
641 2009 658 2066 b
670 2021 769 2068 tutore
782 2011 829 2067 rel
840 2021 978 2068 curatore
990 2011 1077 2070 satis·

58 2089 140 2150 datio.
157 2095 268 2154 Verum
288 2113 323 2150 ex
342 2093 458 2150 articuli
482 2109 562 2148 2121·
579 2091 792 2166 dispositione,
805 2093 926 2168 pupillis
940 2106 969 2150 et
983 2093 1078 2158 inter-

7 2179 8 2240 }
58 2173 135 2232 dictis
154 2177 244 2232 datur
266 2175 436 2252 hypotheca·
456 2175 554 2251 legalis
575 2173 605 2228 in
630 2173 767 2232 omnibus
788 2174 896 2232 tutoris
916 2175 1003 2234 honis
1019 2188 1080 2234 tam
1113 2243 1115 2246 ¹

7 2259 8 2274 ¹
58 2257 242 2328 praesentibus
256 2258 346 2332 quarn
356 2257 484 2326 futuris,
499 2267 553 2312 are¹
566 2275 636 2314 2122.

61 2469 1087 2508 Μαι-...μη

181 2619 186 2627 ’
293 2627 643 2714 TITULUS
684 2627 854 2715 XXV.

139 2807 207 2884 De
222 2809 498 2884 Excusatione
515 2821 691 2884 autorum
707 2821 746 2884 ct
759 2821 997 2886 curatorum.

167 2959 972 3083 §.¹00Lxxxv11acccxxxviii.

60 3121 232 3234 pannea
243 3163 500 3246 satisdationem,
512 3175 544 3230 et
556 3167 731 3232 excusatio
742 3167 927 3234 communis
938 3176 985 3231 est
996 3178 1086 3234 tuto-

63 3251 148 3317 ribus
165 3264 198 3318 et
215 3253 427 3319 curatoribus.
443 3251 542 3320 Unde
556 3267 588 3320 et
601 3255 641 3320 de
653 3255 716 3320 hac
732 3255 841 3344 agitur
859 3257 922 3322 hoc
935 3273 1089 3345 sequente
1142 3318 1145 3322 .

62 3341 165 3407 titulo.
180 3343 199 3407 J
202 3365 257 3407 nm
271 3341 332 3423 tria
348 3343 592 3432 praemittenda,
608 3353 654 3416 ιο.
668 3367 728 3410 cur
738 3345 900 3412 tutoribus
913 3358 945 3414 ct
958 3362 1089 3415 curato·

61 3429 148 3497 ribus
161 3430 376 3512 coucedatur,
389 3443 427 3496 ut
439 3454 472 3496 se
483 3433 662 3498 excusent?
679 3441 727 3497 2⁰.
741 3435 818 3521 quid
824 3437 977 3519 juridice
989 3438 1089 3528 signi-

62 3515 152 3600 ficet,
167 3521 357 3587 excusare?
372 3521 418 3588 5⁰.
435 3521 648 3612 Quotuplices
662 3523 725 3588 siut
738 3527 987 3593 excusationes?

104 3626 132 3690 1.
147 3625 326 3694 Tutoribus
340 3639 373 3694 et
386 3628 588 3694 curatoribus
607 3631 679 3696 ideo
699 3634 921 3700 excusationes
939 3635 1091 3722 quaedam

62 3717 304 3796 conceduntur,
329 3716 406 3804 quia
429 3729 476 3784 est
498 3740 629 3784 munus.
645 3720 815 3809 publicum
842 3720 892 3812 (ς.
920 3725 1036 3807 sol-i,
1059 3739 1092 3792 et

62 3824 199 3872 munera
214 3805 343 3895 publica
359 3805 537 3895 personalia
550 3829 662 3876 omues
673 3809 805 3895 quidem
819 3813 1013 3878 tenebantur
1023 3823 1092 3880 sus-

63 3893 187 3984 cipere,
203 3895 256 3964 sed
273 3895 406 3986 quidam
421 3907 532 3968 tamen
546 3910 638 3970 eram
654 3899 842 3981 immunes,
861 3922 889 3967 a.
906 3923 940 3990 gs
953 3902 1090 3978 militesr
