2644 4504
222 273 287 340 512
471 271 640 344 LIBER
667 278 707 357 Ι,
730 281 839 348 TIT.
863 279 1003 352 XXV.

223 387 312 452 mala
326 383 562 452 administratio
575 387 757 476 ipsi·fr·audi
777 401 809 458 et
823 391 1017 472 detrimento
1028 388 1085 472 sit,
1104 387 1157 458 sed
1166 389 1251 458 alle-

136 531 138 536 ,
224 488 277 563 get
293 485 402 540 lamen
417 499 540 540 caussas
559 479 773 543 excusationis
793 480 953 568 addatque
967 483 1253 570 protestationem,

224 589 258 630 se
280 563 593 631 administrationem
613 589 681 630 non
703 567 833 652 animo,
854 566 991 635 tutelam
1005 569 1182 649 subeundi,
1197 569 1255 634 sed

225 654 321 719 salvis
332 655 605 720 excusationibuis
618 657 681 720 suis
695 669 932 748 suscepturum.
953 668 997 725 2⁰.
1011 661 1255 738 Observamus‚

224 743 448 808 excusationes
458 742 557 810 veluti
572 768 629 833 per
637 745 775 810 modum
784 749 981 836 exceptionis
988 748 1121 841 opponi.
1132 749 1257 832 Quem·

226 834 406 898 admodum
421 833 530 920 itaque
548 833 596 922 (a)
616 834 764 923 pluribus
780 837 912 923 quidem
928 837 977 902 uti
994 857 1125 926 possum
1136 857 1258 924 excep-

225 923 386 1002 tionibus,
405 923 459 986 sed
478 923 522 987 ita
545 934 674 1003 tamen,
702 936 737 987 ut
760 925 805 1013 (b)
823 925 920 990 simul
934 937 1046 990 omncs
1060 925 1170 990 statim
1184 935 1257 1016 post
1320 1008 1321 1011 Ἴ

226 1011 291 1076 litis
307 1012 573 1084 contestationem
588 1034 775 1101 opponam,
796 1015 820 1078 l.
843 1020 867 1080 5
878 1063 892 1094 ,
910 1015 932 1078 I.
953 1019 993 1096 8,
1013 1014 1055 1079 de
1069 1025 1197 1100 except.
1212 1014 1258 1078 ita

224 1113 258 1167 ct
279 1115 392 1164 omnes
411 1109 531 1164 caussas
549 1100 767 1165 excusationis
779 1105 877 1168 semel
896 1115 926 1168 et
942 1104 1039 1168 simul
1057 1103 1256 1188 allegandas,

227 1193 251 1256 l.
269 1193 307 1254 13
315 1239 327 1268 ,
344 1192 374 1275 §.
390 1194 436 1268 8,
453 1190 486 1254 t.
503 1199 529 1253 t.
544 1190 589 1254 3⁰.
606 1189 725 1254 'l'utori
738 1203 832 1256 extra
851 1189 995 1257 Romam
1015 1193 1090 1258 dato
1113 1192 1257 1282 spatium

226 1291 358 1344 tantum
373 1300 561 1342 concessum
575 1277 730 1366 temporis
740 1329 750 1360 ,
761 1290 799 1343 ut
813 1281 947 1366 singulis
957 1281 1069 1346 diebus
1087 1281 1165 1346 XX
1175 1280 1259 1370 lapi-

226 1370 283 1432 des
298 1367 349 1432 vel
366 1366 519 1432 milliaria
531 1367 694 1432 absolvere
708 1367 806 1456 possit
817 1381 850 1435 et
863 1370 901 1434 iis
915 1381 1070 1459 praeterea
1087 1370 1185 1455 adjici
1200 1369 1258 1434 tri-

226 1459 319 1544 ginta
333 1455 398 1520 dies
406 1504 418 1534 ‚
431 1456 517 1520 intra
534 1479 614 1542 quos
631 1457 745 1522 Romae
757 1479 808 1521 eas
820 1481 943 1523 caussas
959 1471 1128 1548 opponat,
1150 1460 1257 1546 §.103

226 1547 254 1616 Ι
253 1557 321 1611 nst.
337 1545 370 1610 t.
398 1557 423 1609 t.
443 1545 481 1608 ld
496 1546 583 1632 quod
597 1557 707 1612 tamen
728 1546 823 1612 hodie
837 1570 956 1636 parum
970 1549 1118 1613 utilitatis
1135 1547 1258 1628 habet,

230 1652 276 1704 1⁰·
300 1635 374 1722 quia
401 1635 653 1721 magistratuum
679 1647 866 1701 nostrorum
890 1637 1050 1702 territoria
1071 1659 1139 1702 non
1157 1637 1259 1703 solent

228 1726 311 1790 adeo
322 1724 431 1810 ampla
440 1746 515 1804 esse,
525 1736 560 1788 ut
571 1735 692 1789 tutores
700 1745 741 1789 ex
750 1725 829 1790 locis
839 1723 951 1790 d'asitis
959 1726 1088 1792 dentur.
1101 1736 1148 1791 2⁰.
1160 1725 1258 1811 Quia,

227 1816 255 1880 si
269 1815 387 1880 dentur
399 1835 443 1876 ex
454 1814 528 1877 loco
541 1813 651 1899 aliquo
665 1825 779 1878 extero
792 1815 844 1902 (id
854 1816 941 1902 quod
954 1813 1077 1882 faciunt
1091 1835 1259 1880 nonnum·

195 1909 199 1921 “
228 1927 331 1993 quam
346 1925 474 1968 summa
492 1901 655 1966 disasteria
672 1914 704 1966 et
715 1903 818 1968 curiae
825 1903 1059 1991 prouinciales)
1070 1955 1082 1983 ,
1094 1915 1175 1970 tunc
1190 1905 1259 1993 ple·
1318 1983 1319 1988 ἵ

229 2015 373 2080 rumque
393 1991 553 2056 terminus
578 1991 654 2079 ipsis
674 1993 854 2080 praeligitur
871 1992 1005 2060 arbitrio
1024 1993 1165 2081 judicis,
1197 2014 1259 2080 quo
1318 1997 1319 2000 ’

228 2085 355 2160 adesse,
379 2093 412 2146 et
428 2081 489 2146 vel,
502 2079 691 2146 confirmari
718 2081 770 2145 vel
792 2100 916 2146 caussas
937 2082 1067 2148 idoneas
1082 2081 1259 2148 excusandi
1318 2075 1319 2144 l

230 2169 538 2258 allegaredebeant.
551 2167 601 2234 4⁰.
620 2169 857 2250 Observamus,
871 2183 1104 2236 excusaturum
1123 2193 1157 2238 se
1173 2171 1260 2236 tuto·
1317 2171 1318 2250 J

230 2285 302 2327 rem
319 2263 387 2325 non
399 2259 514 2325 debere
526 2258 688 2346 adpellare
700 2259 739 2322 ad
751 2261 952 2348 superiorem
957 2257 1120 2347 judicem,
1133 2260 1190 2325 sed
1201 2271 1259 2324 sta·
1317 2265 1319 2336 l

231 2351 293 2414 tim
304 2371 507 2414 caussassuas
518 2347 750 2412 corameodem
761 2348 970 2434 magistratu,
986 2349 1189 2437 aquodatus
1199 2360 1259 2427 est,
1314 2346 1318 2428 i

233 2439 462 2527 opponere,§.
479 2441 521 2502 16
528 2485 539 2514 ,
557 2437 667 2514 Insa,
684 2437 757 2516 la,
779 2439 843 2526 §.a
853 2486 865 2517 ,
871 2435 919 2528 ff.
928 2487 940 2518 ,
959 2439 992 2502 lr.
1008 2448 1031 2502 t.
1047 2438 1081 2502 id
1093 2439 1185 2526 quod
1193 2438 1260 2525 jus-
1313 2431 1318 2473 ¹

232 2539 302 2591 tam
318 2527 478 2592 rationem
491 2525 598 2590 habet.
615 2525 644 2588 N
649 2527 765 2590 am=1⁰.
779 2549 848 2591 non
860 2527 950 2616 prius
961 2527 1052 2593 locus
1066 2537 1111 2592 est
1125 2526 1260 2616 adpella·
1312 2479 1318 2589 i

231 2617 337 2696 tioni,
366 2636 465 2702 quam
481 2614 553 2702 quis
568 2635 746 2702 gravamen
761 2615 888 2680 habeat.
910 2615 988 2681 Non
1010 2627 1120 2680 autem
1142 2615 1260 2702 magis·

231 2717 336 2771 tratus
352 2725 417 2770 nos·
429 2715 563 2792 gravat,
591 2703 672 2770 dum
687 2703 779 2768 nobis
799 2703 936 2770 tutelam
959 2701 1062 2770 defert
1070 2753 1083 2783 ,
1105 2705 1160 2768 sed
1184 2705 1259 2768 dum
1317 2749 1318 2752 κ

228 2797 332 2886 justas
344 2817 468 2860 caussas
480 2791 696 2858 excusationis
711 2791 824 2878 rejicit.
840 2808 881 2858 2⁰.
900 2795 1037 2882 Semper
1050 2793 1159 2858 adhuc
1172 2791 1260 2859 nobis
1317 2815 1319 2880 ζ

232 2886 361 2951 salvum
384 2905 452 2948 esse
471 2881 663 2947 beneficium
681 2881 926 2970 'adpellationis,
943 2883 969 2946 si
991 2903 1115 2948 caussas
1140 2893 1259 2948 nostras
1314 2880 1319 2964 l

230 2976 334 3064 justas
351 2973 495 3060 rejecerit
511 2993 570 3060 per
589 2971 781 3036 sententiam
795 2971 856 3036 vel·
865 2971 1044 3036 decretum.
1064 2975 1217 3036 Ceterum
1230 2968 1260 3035 id
1317 2979 1318 3048 l

232 3063 287 3130 hic
300 3064 372 3130 ideo
384 3073 521 3128 monent
536 3061 619 3148 leges
628 3071 766 3139 nostrae,
779 3061 854 3146 quia
866 3060 943 3124 alias
956 3081 1006 3124 res
1019 3081 1110 3125 secus
1118 3083 1150 3124 se
1166 3060 1259 3124 habet

232 3154 268 3218 in
284 3153 353 3217 aliis
368 3149 557 3217 muneribus
572 3148 730 3237 publicis,
753 3149 870 3234 quibus
883 3160 1000 3237 praeter
1012 3149 1108 3230 juset
1122 3147 1170 3213 sas
1186 3170 1259 3214 oue·

233 3243 312 3308 ratis
325 3241 433 3306 statim
453 3241 487 3304 in
505 3250 663 3328 promptu
674 3248 720 3302 est
731 3237 954 3328 adpellationis
968 3237 1179 3320 beneficium,
1198 3238 1220 3302 l.
1232 3259 1258 3317 s,

226 3329 291 3424 ff,
305 3333 335 3415 ὅ.
350 3352 369 3394 2
385 3329 526 3418 quando
545 3327 671 3416 adpell.

278 3475 323 3528 De
340 3470 431 3526 modo
456 3469 658 3526 excusationes
676 3469 866 3546 proponendi
885 3482 1012 3528 tractant
1031 3482 1086 3528 art.
1103 3466 1183 3540 438,
1203 3467 1257 3546 439
1316 3533 1317 3536 Ἰ

205 3605 206 3608 ,
237 3570 266 3615 et
287 3551 345 3611 llo
369 3550 484 3606 Codicis
501 3551 699 3624 Napolconis‚
714 3571 845 3627 quorum
858 3553 916 3610 hacc
927 3565 969 3610 est
981 3552 1135 3627 dispositio
1150 3573 1158 3608 ε
1173 3553 1197 3610 si
1207 3571 1256 3607 no·
1312 3562 1317 3646 j

236 3633 390 3696 minationi
414 3652 473 3688 suas
494 3630 640 3690 adstiterit
662 3645 745 3690 tutor
765 3633 853 3690 datus
865 3673 875 3703 ,
888 3635 985 3691 statim
1004 3633 1034 3690 in
1057 3633 1123 3708 ipso
1137 3631 1256 3690 'consilio

236 3715 437 3778 excusationes
449 3715 582 3789 prolerre
602 3715 709 3785 debet,
730 3714 834 3784 aliter,
853 3715 968 3772 familiae
982 3715 1136 3772 consilium
1149 3732 1255 3770 conro-

237 3819 304 3857 care
324 3810 458 3864 tenatur,
478 3809 516 3852 ut
526 3795 601 3852 circs
616 3795 816 3852 excusationes
829 3795 985 3870 deliberet3
1000 3816 1016 3854 e
1062 3811 1124 3864 oc,
1143 3795 1253 3871 quidem

237 3881 301 3941 lieri
311 3879 396 3939 debat
410 3877 509 3949 ,intra
521 3877 584 3935 dies
596 3885 732 3936 ternos'a
752 3878 933 3936 denunciato
947 3879 1004 3936 sibi
1023 3889 1070 3936 tut
1139 3876 1250 3946 castratio,¹
