2710 4504
300 401 364 472 114
400 462 429 476 ..
596 401 764 478 menn
789 404 823 487 I,
848 406 957 478 TIT.
981 401 1036 472 ΙΙ.

275 560 277 566 -
297 512 490 602 respondere
503 537 512 576 s
524 523 633 602 postea
660 515 872 667 imperatores
891 537 960 579 non
985 513 1045 580 nisi
1071 511 1165 580 certis
1184 515 1315 603 personis

296 625 356 692 per
367 601 505 667 modum
521 601 680 688 privilegii
715 603 828 683 abant,
843 603 931 668 etita
944 603 1076 691 quideni
1084 653 1094 685 ,
1107 615 1143 668 ut
1155 605 1195 668 ab
1207 627 1314 670 eorum

184 711 187 714 ·
295 690 585 778 responsisjudices
606 691 766 758 discedere
779 705 1005 781 nonpossint,
1030 694 1064 758 d.
1086 695 1116 778 ἕ.
1133 696 1169 772 8,
1188 703 1219 758 et
1237 693 1258 757 l.
1279 717 1315 773 a,

293 781 326 866 5.
345 781 402 864 47,
412 779 452 846 da
468 779 1014 867 0.J.HiceigoJurisoonsuni1⁰.
1030 781 1317 871 interpretabantur

290 869 363 956 jus,
375 881 410 935 et
420 891 477 958 per
485 869 767 957 ratiocinationem
781 872 900 936 multas
912 870 1135 937 conclusiones
1148 870 1315 958 exlegibus

293 959 477 1040 eruebant,
505 981 578 1046 quae
604 960 640 1024 in
669 962 779 1050 legum
810 961 914 1026 verbis
940 984 1008 1025 non
1034 972 1130 1025 erant
1154 983 1313 1048 expressae.

293 1046 497 1136 Exemplum
511 1047 669 1118 habemus
679 1051 714 1114 in
728 1049 759 1134 §.
774 1055 866 1138 unu.
880 1050 970 1116 Inst.
985 1051 1027 1115 cle
1042 1050 1136 1140 legit.
1146 1062 1243 1138 patr.
1258 1060 1314 1113 tut.

177 1160 179 1164 ·
275 1144 341 1230 ¹3⁰.
363 1137 468 1202 lidem
488 1137 524 1200 in
538 1137 662 1202 casibus
681 1137 895 1207 controversis
916 1160 999 1227 saepe
1019 1138 1106 1204 inter
1128 1163 1161 1204 se
1180 1140 1316 1226 disputa·

293 1223 388 1306 bant,
398 1239 472 1293 tum
484 1226 518 1290 in
530 1223 601 1295 soro
612 1229 703 1309 ,tum
712 1277 722 1308 ,
738 1239 774 1290 ut
785 1228 975 1295 scholiastes
988 1228 1141 1293 Juvenal.
1156 1229 1203 1294 nd
1212 1238 1274 1292 sat.
1288 1249 1315 1306 s,

291 1339 325 1380 ν.
355 1321 415 1382 128
438 1314 554 1394 refert,
580 1315 616 1380 in
640 1317 764 1405 templo
785 1316 959 1406 Apollinis.
986 1318 1191 1406 Exemplum
1215 1327 1258 1382 est
1282 1315 1313 1378 in

288 1403 313 1470 l.
333 1427 368 1490 ¹9
380 1456 388 1484 ‚
398 1401 446 1493 ff
461 1405 503 1470 de
516 1404 575 1472 lib.
589 1416 725 1492 etpost.
739 1407 786 1472 3⁰.
804 1407 906 1472 lidern
920 1428 1003 1495 saepe
1015 1405 1314 1496 consultijudicibus

290 1494 485 1560 sententiam
505 1494 714 1582 aperiebant,
735 1505 772 1560 ut
788 1496 899 1586 paullo
913 1508 988 1562 ante
1002 1496 1041 1580 §-
1063 1500 1108 1575 8,
1130 1497 1220 1562 Inat.
1237 1495 1268 1558 Ιι.
1291 1503 1313 1556 t.

288 1583 490 1648 monuimus.
501 1582 547 1648 4⁰.
561 1581 665 1650 tidem
674 1594 708 1650 et
719 1581 876 1648 formulas
887 1583 1054 1658 actionum
1069 1583 1313 1674 praescribebant

185 1715 187 1719 ,
287 1671 500 1758 litigantibus.
517 1671 586 1738 Cic.
601 1695 670 1760 pro
689 1673 846 1740 Marna.
870 1697 899 1740 c.
931 1695 961 1738 n
988 1685 1022 1737 et
1041 1674 1210 1753 123unde
1236 1682 1312 1736 natu

286 1761 430 1826 actiones
449 1761 527 1847 legis
549 1774 581 1825 et
605 1773 697 1828 actus
713 1761 872 1849 legitimi,
893 1763 933 1830 de
949 1761 1065 1848 quibus
1087 1765 1119 1849 5.
1146 1763 1188 1851 69
1208 1773 1239 1828 et
1264 1781 1310 1844 7⁰·

286 1850 409 1916 Omnia
419 1849 576 1937 ergohaec
589 1849 1311 1940 interpretamentaJunsconsultorumsensim

287 1963 349 2004 usu
370 1939 430 2005 lori
447 1953 575 2030 recepta
595 1953 627 2006 et
645 1941 713 2008 vim
727 1941 810 2026 juris
823 1952 994 2009 consecuta
1007 1951 1102 2021 sunt,
1123 1941 1192 2008 imo
1207 1952 1238 2008 et
1252 1935 1310 2024 juri

285 2031 408 2118 scripto
419 2030 579 2096 accenseri
593 2041 781 2118 coeperunt,
795 2039 968 2118 postquam
980 2030 1229 2096 tustinianusea
1240 2028 1310 2094 Pan·

285 2118 386 2184 deciis
401 2119 521 2184 inserta
534 2118 725 2208 publicavit.
740 2119 821 2185 Via.
831 2142 931 2210 supra
941 2121 972 2205 ξ.
987 2119 1029 2184 45
1046 2119 1073 2184 *.

324 2260 416 2336 Apud
424 2281 478 2318 nos
490 2261 645 2336 nunquim
655 2261 940 2320 Iurisconsultishnc
950 2259 1138 2338 privilegium
1147 2271 1307 2317 concessum
1336 2315 1337 2347 1

284 2355 350 2410 est,
368 2356 401 2399 ut
413 2342 483 2415 jura
497 2343 624 2399 condere
640 2345 776 2418 possint3
797 2343 846 2400 sed
863 2343 983 2418 quidam
998 2344 1106 2399 exsclb
1118 2345 1173 2401 sut
1183 2335 1308 2398 doctrinl
1335 2399 1336 2404 ἵ

282 2424 344 2480 vim
367 2425 438 2502 legis
463 2425 627 2482 obtinuere.
649 2426 736 2481 Talis
749 2425 806 2482 fuit
829 2426 1004 2492 molinaeus,
1032 2423 1119 2497 eujus
1143 2422 1306 2480 doctissima
1335 2409 1336 2439 ¹

280 2505 503 2562 lucubrationes
522 2507 605 2581 apud
626 2525 681 2562 nos
705 2525 762 2582 pro
783 2507 855 2564 raus
875 2505 1073 2565 decisionibus
1095 2506 1263 2572 hebertum
1283 2509 1307 2554 el
1333 2485 1335 2572 l

280 2587 314 2646 P.
323 2587 450 2645 Pitbaens
461 2587 509 2644 cni
516 2587 663 2646 debentur
672 2589 842 2646 libertatum
854 2587 1074 2646 Gallicanarum
1085 2589 1205 2664 regule,
1216 2581 1306 2660 quaein
1333 2579 1334 2625 l

196 2695 198 2700 ·
280 2669 337 2731 hle
348 2682 431 2744 parts
443 2687 499 2750 pro
510 2671 697 2748 lege'mripti
707 2671 922 2740 secabantur,
935 2670 1097 2746 antequion
1106 2671 1138 2728 in
1150 2661 1306 2730 concorda·

280 2762 347 2810 tum
360 2752 532 2832 migrarent.

695 2871 726 2958 ς.
754 2867 904 2936 nxnc

323 3022 500 3104 Diximus,
524 3022 629 3089 mutu
640 3020 770 3090 invecta
796 3040 860 3084 ease
882 3039 902 3082 a
926 3015 1191 3096 iurisconsulti,
1213 3029 1305 3097 eaque

277 3113 475 3178 vocandus
492 3107 614 3192 civile,
637 3109 659 3180 l.
678 3129 719 3190 a,
737 3110 768 3195 S·
788 3110 813 3175 6
821 3157 831 3190 ,
842 3105 890 3198 ff.
907 3107 950 3172 de
968 3107 1010 3174 0.
1022 3105 1062 3174 J.
1078 3105 1118 3174 In
1137 3106 1188 3172 his
1209 3101 1301 3169 etiam

277 3212 356 3270 sunt
373 3199 538 3270 Actiones
559 3201 644 3289 legis
665 3210 697 3265 et
721 3197 834 3266 Actus
856 3196 1034 3286 legitimis
1061 3217 1205 3282 quorum
1232 3208 1303 3256 cum

276 3313 362 3378 sepe
382 3291 505 3360 mentio
522 3289 583 3362 fiat
600 3288 730 3374 injure
754 3298 893 3370 niuno,
917 3284 958 3352 de
980 3285 1018 3352 iis
1034 3285 1181 3352 dicemus
1200 3277 1304 3373 paullo

275 3381 474 3446 adcuratius.
940 3419 944 3424 -

321 3469 430 3558 Legis
446 3469 595 3532 actiones
608 3463 760 3529 bifariam
774 3463 984 3554 accipiuntur
994 3463 1068 3545 ,rel
1082 3471 1125 3528 ι’.
1136 3483 1198 3552 pro
1210 3453 1303 3557 actio·

274 3556 371 3624 nibus
384 3577 562 3641 earumque
584 3551 750 3634 formulis,
763 3577 794 3620 e.
812 3575 844 3640 g.
865 3555 992 3618 actione
1013 3552 1060 3620 rei
1075 3552 1300 3643 vindicatoria,

275 3645 460 3712 hereditatis
478 3643 650 3746 petitione,
666 3654 748 3724 etc,
768 3645 820 3709 vel
838 3651 881 3707 2⁰.
899 3665 961 3734 pro
979 3641 1104 3706 actibus
1117 3641 1301 3730 voluntarie

270 3733 503 3821 jurisdictionis
524 3755 638 3798 coram
668 3732 859 3819 magistratu
883 3731 1070 3797 solemniter
1088 3719 1299 3819 expediendis.

272 3824 442 3890 Nimirum
460 3822 641 3908 jurisdictio
665 3831 712 3886 est
736 3821 787 3888 vel
813 3822 997 3888 voluntaria
1020 3821 1073 3886 vel
1097 3813 1298 3887 concanora·

271 3911 493 3992 Voluntaria,
518 3933 593 3999 quae
609 3911 797 4000 explicatur
818 3911 887 3978 sinc
907 3908 1164 3975 contradictione
1189 3903 1299 3970 adver-

271 4003 411 4089 carita.
435 4001 727 4094 g.ma11uuisssio,
751 4001 908 4092 adoptio,
930 4000 987 4066 ubi
1014 3997 1124 4068 nullus
1145 4006 1192 4062 est
1214 3999 1296 4056 ector
