2756 4504
233 334 325 404 mu
339 307 468 426 Quas
483 330 804 438 esusqourouu
818 285 1020 421 AuQUur.
1081 331 1148 402 455

114 443 240 510 eulium
258 467 349 512 mere
366 445 586 535 profectitium
604 467 687 528 esse,
704 445 775 531 jem
797 445 910 533 paullo
928 455 1003 512 ante
1018 441 1152 512 monui·
1219 451 1237 514 ,“

111 557 198 600 mus.
227 529 408 623 Reliquum
427 534 508 622 ergo
528 549 597 617 est,
617 541 656 600 ut
679 535 719 599 de
742 535 871 623 peculio
896 533 1040 599 filiorum
1065 533 1153 599 filia-

94 685 96 690 .
110 646 232 694 rumve
245 623 325 691 fam.
341 625 498 694 dicamus.
513 624 682 710 Dividitur
696 624 779 689 illud
797 625 869 709 jure
892 636 1003 688 nostro
1026 624 1062 690 in
1084 625 1154 689 mi·

112 713 217 780 litare
238 725 271 779 et
285 738 485 804 paganum.
511 714 723 802 Quicumque
746 714 836 778 euim
858 736 926 778 non
948 711 1111 796 militent,
1133 713 1158 784 ii

112 802 243 889 injure
265 817 377 870 nostro
401 804 524 895 pagani
545 805 764 894 adpellanturs
786 803 928 870 Militare
947 813 994 868 cst
1013 804 1065 868 vel
1078 827 1157 868 cas-

117 900 232 958 trense
246 895 298 960 vel
318 896 423 984 quasi
440 905 620 960 castrense.
638 895 808 980 Pagsnum
823 893 858 957 in
872 889 1111 982 profisctitium
1125 903 1158 959 et

117 983 351 1052 adventitium
365 983 568 1074 dispescitur.
580 984 599 1050 J
601 1005 656 1048 am
668 984 708 1048 de
719 983 853 1070 singulis
867 982 1045 1070 agendum.

256 1127 287 1214 ς.
311 1124 692 1194 CCCCLXXIV'et
713 1121 1022 1193 CCCCLXXV.

164 1266 338 1334 Peculium
361 1268 515 1336 militare
536 1279 694 1349 vocetur,
725 1269 814 1356 quod
837 1268 1005 1334 occasione
1032 1267 1160 1336 militias

117 1357 315 1444 adquiritur.
333 1358 449 1444 Quum
470 1381 551 1425 vero
566 1357 686 1422 militia
701 1357 826 1446 injure
846 1370 957 1424 nostro
970 1359 1009 1423 sit
1029 1360 1082 1425 vel
1099 1358 1160 1424 sc'-

116 1458 232 1538 gnta,
254 1449 388 1534 quando
407 1447 481 1535 quis
499 1447 620 1513 militat
645 1445 744 1513 armis
770 1459 802 1514 et
824 1446 860 1512 in
880 1448 1009 1528 castris,
1022 1449 1085 1518 ,vel
1111 1459 1163 1514 to-

118 1547 228 1628 gata,
241 1537 375 1624 quando
389 1537 463 1627 quis
476 1538 597 1604 militat
610 1537 647 1602 iu
663 1529 785 1624 palatio
800 1538 953 1618 etruria,
969 1538 1040 1604 vid.
1057 1539 1080 1602 l.
1100 1535 1140 1602 14
1148 1583 1163 1618 ,

124 1625 164 1690 C.
182 1625 223 1690 de
237 1626 317 1692 adv.
334 1626 493 1712 div-jud.
508 1627 586 1692 hinc
602 1625 691 1693 aliud
706 1637 770 1706 est,
786 1627 953 1714 peculium
969 1639 1160 1710 castrense,
1239 1657 1242 1664 ’

120 1713 213 1781 uliud
227 1717 332 1804 quasi
352 1725 532 1792 castrense.
553 1715 639 1782 Illud
652 1727 721 1800 est,
744 1715 832 1802 quod
855 1716 1040 1804 adquiritur
1062 1739 1163 1782 occa-

100 1801 105 1823 '
120 1803 212 1870 sione
226 1805 351 1869 militiae
365 1806 604 1893 segatae21100,
618 1805 706 1893 quod
719 1805 903 1892 adquiritur
917 1805 1085 1871 occasione
1097 1805 1164 1874 mi-

120 1893 202 1962 litiae
216 1905 357 1980 togatae3
371 1897 412 1960 ad
427 1916 529 1982 quam
544 1893 645 1964 hodie¹
655 1917 768 1968 omnes
782 1907 866 1961 ertes
880 1895 1046 1978 liberales,
1061 1896 1163 1960 adeo-

124 2005 191 2071 que
212 2005 282 2048 non
304 1983 405 2054 modo
424 1983 702 2074 jurisprudentia,
725 1984 779 2050 sed
800 1996 832 2050 et
851 1985 1036 2072 theologie,
1056 1984 1169 2059 mede,

124 2074 217 2154 cina,
230 2073 396 2154 mathesis,
410 2073 632 2162 philosophia,
645 2085 707 2154 etc.
723 2071 921 2140 referuntur.
935 2075 1040 2144 Probe
1052 2085 1165 2144 autem
1216 2147 1219 2152 ,

124 2162 362 2228 attendendum
373 2162 415 2228 ed
428 2162 525 2230 verba
540 2162 744 2236 definitionis.
758 2163 837 2229 Non
848 2165 939 2234 enim
949 2164 1088 2234 dicimus
1102 2185 1164 2253 pe·
1282 2173 1293 2202 '

126 2253 254 2334 oulium
269 2263 427 2324 castrense
449 2263 482 2317 et
494 2251 594 2340 quasi
615 2263 792 2336 castrense,
812 2255 903 2341 quod
915 2279 984 2344 per
997 2255 1166 2344 duplicem

109 2343 221 2411 -illam
238 2341 392 2408 militiam
413 2343 665 2432 consequimur,
688 2341 743 2409 sed
762 2345 851 2431 quod
870 2346 1043 2410 occasione
1065 2345 1166 2410 istius

13 2437 16 2446 '
127 2431 344 2519 adquirimus.
366 2430 456 2518 Ergo
480 2440 524 2496 1⁰.
544 2431 773 2520 adpeculium
796 2444 954 2503 castrense
975 2456 1045 2501 nou
1067 2435 1186 2506 modo

128 2521 274 2614 pertinet·
284 2519 484 2609 stipendium
494 2533 701 2587 menstruum
712 2523 887 2612 praedaque
900 2521 941 2590 ab
953 2523 1043 2589 hoste
1055 2535 1171 2612 capta,

129 2611 185 2678 sed
202 2621 235 2677 et
251 2613 340 2700 quod
361 2622 453 2699 pater
470 2610 539 2676 lilio
553 2610 733 2676 militatum
750 2611 841 2677 eunti
856 2611 991 2682 donavit
1012 2613 1054 2682 ad.
1073 2636 1169 2691 come

156 2701 316 2768 arandam
330 2699 587 2789 suppellectilem
601 2700 798 2782 militarem,
811 2699 971 2788 itemque,
987 2703 1075 2790 quod
1088 2701 1169 2768 filio·

129 2726 214 2858 lam
243 2812 288 2858 ex
318 2787 497 2856 hereditate
526 2790 579 2857 rel
605 2790 713 2877 legato
748 2789 980 2858 commilitonis
1011 2791 1145 2858 obvenit
1157 2841 1168 2874 ,
1269 2851 1272 2861 ,

131 2881 186 2948 vel
205 2878 295 2966 quod
313 2877 453 2967 pecunie
472 2879 624 2952 cestrensi
645 2878 705 2944 sibi
725 2879 815 2945 emit.
840 2879 964 2948 Omnia
985 2881 1074 2948 enim
1096 2879 1169 2948 hsce

132 2967 302 3036 occasione
327 2965 453 3032 militioe
480 2980 600 3054 segulae
622 2966 780 3122 adquisita
809 2981 907 3050 sunt,
934 2969 959 3034 l.
986 2993 1040 3050 ss,
1055 2965 1103 3061 ffi
1128 2971 1172 3038 de

131 3059 236 3126 castr.
248 3055 362 3144 pecul.
378 3055 401 3120 l.
417 3051 467 3138 4,
474 3080 532 3144 pr.
542 3055 591 3146 ff
611 3057 634 3122 l.
690 3106 703 3138 ,
730 3057 767 3121 0.
788 3059 860 3124 eod.
886 3058 1042 3126 Similiter
1060 3069 1104 3125 2⁰.
1128 3060 1171 3125 ad

132 3146 304 3242 peculium
324 3143 416 3233 quasi
439 3157 598 3212 cestrense
615 3168 685 3212 non
707 3147 814 3216 solum
834 3149 996 3240 pertinet,
1013 3150 1170 3238 quicquid

133 3258 196 3325 per
210 3246 295 3302 artes
309 3234 456 3300 liberales
472 3234 558 3300 filius
578 3235 772 3322 adquisivit,
787 3259 816 3301 e.
834 3259 866 3324 g.
885 3239 1001 3304 salaria
1016 3251 1047 3304 et
1061 3241 1172 3304 hono-

134 3324 248 3406 raria,
276 3347 351 3412 quae
385 3335 558 3410 tamquam
591 3325 791 3407 advocatus,
805 3339 806 3344 ’
820 3327 983 3411 medicus,
1012 3327 1174 3418 professor

136 3415 291 3502 accepit,
324 3411 380 3477 sed
405 3424 438 3506 et
461 3426 588 3481 sumtus
615 3415 799 3479 studiorum
827 3439 846 3480 a
877 3429 971 3506 patre
996 3431 1173 3516 acceptos,

135 3504 237 3572 modo
255 3503 309 3572 hic
330 3503 402 3568 illos
415 3501 528 3568 animo
547 3503 691 3569 donandi
710 3504 852 3588 dederit,
871 3506 940 3572 imo
961 3519 993 3574 et
1012 3507 1133 3575 donata
1154 3501 1201 3574 a*

136 3592 287 3686 principe
300 3593 352 3658 vel
370 3591 541 3680 Augusta,
558 3591 634 3682 quia
650 3604 683 3658 et
700 3588 737 3662 hi
754 3594 796 3658 ob
813 3595 936 3682 ingenii
951 3599 1177 3686 prudentiam

135 3683 270 3752 etheus
289 3679 406 3748 merita
426 3681 559 3752 donasse
578 3682 819 3768 intelliguntur.
843 3685 987 3768 Omnia,
1011 3687 1147 3778 inquam
1159 3709 1178 3772 r,

137 3774 210 3840 ltaec
229 3772 271 3838 ad
295 3770 462 3862 peculium
482 3771 573 3860 qussi
592 3783 751 3837 castrense
770 3773 957 3862 pertinent,
978 3777 1054 3864 quia
1076 3800 1176 3843 occs-

135 3863 227 3932 sione
248 3862 337 3928 istius
359 3861 484 3928 milities
506 3873 625 3949 togatus
643 3873 719 3927 sunt
740 3863 911 3951 adquisita.
940 3865 964 3940 l.
986 3865 1049 3934 ult.
1074 3865 1110 3934 0.
1135 3867 1180 3936 de

139 3951 237 4050 ioqff.
253 3963 388 4027 testam·
404 3951 428 4019 l·
437 3971 465 4044 7
480 4001 491 4037 ,
507 3949 545 4026 C·
561 3951 604 4021 ds
620 3952 698 4026 ton.
715 3975 794 4050 quse
809 3952 868 4020 lib.
929 4043 961 4113 E

971 4065 990 4114 e
1002 4066 1023 4116 2
