2646 4496
376 321 379 328 ’
423 321 498 392 DE
528 321 807 418 TUTELIS.
1065 309 1129 380 245

89 487 91 491 .
113 424 233 494 femiam
248 441 350 496 emant
370 429 406 496 iu
426 443 582 522 perpetuu
604 431 726 514 tutela,
742 431 803 496 nisi
822 427 873 495 vel
892 424 941 516 (a)
960 422 1082 513 nuptiis
1095 423 1132 486 in

113 538 242 582 manum
254 519 317 586 viri
328 522 555 603 convenirent,
566 522 618 589 vel
630 521 675 610 (b)
689 533 752 586 tres
764 520 881 585 liberos
894 525 996 581 essent
1009 513 1132 590 enixae,

112 615 183 670 tuuc
194 607 283 672 enim
294 607 368 695 jure
379 611 481 678 trium
496 603 673 678 liberorum
689 610 744 675 illa
757 609 857 674 tutela
870 605 1052 671 liniebatur.
1066 601 1131 664 Hae

111 693 149 760 itu
173 719 212 762 ue
222 719 367 786 personae
379 700 418 765 in
429 701 528 765 tutela
543 711 636 766 eraut
650 699 737 790 apud
754 699 929 764 Romanos.
946 693 1014 758 sub
1030 711 1131 756 cura-

111 719 229 850 toriisus
242 799 351 852 autem
364 802 458 870 orant
474 789 519 855 5⁰.
531 791 697 876 puberes,
714 788 771 875 qui
791 787 843 852 vel
864 785 905 850 ob
928 793 1056 848 aetatem
1078 775 1165 882 velt

111 873 180 938 alias
190 897 313 941 caussas
321 899 371 942 res
379 901 450 944 suas
461 879 687 943 administrare
695 900 762 942 non
775 885 927 964 poterant
934 922 944 954 ,
954 871 1053 938 veluti
1064 890 1132 934 mr-

110 984 271 1029 noreonea
279 963 430 1053 ,firriosi
437 1019 449 1050 ,
458 977 624 1054 perpetuo
639 965 756 1032 morbo
768 963 975 1030 laborantes.
995 962 1044 1024 lta
1055 959 1133 1059 jure

110 1053 324 1120 vetereRom.
339 1077 372 1122 sa
385 1079 435 1122 res
453 1056 591 1120 habebat
605 1081 614 1119 r
628 1079 671 1120 an
687 1067 719 1120 et
734 1054 846 1119 novo?
866 1051 1030 1129 Omnino,
1047 1069 1129 1125 msa,

110 1139 191 1226 quod
212 1142 413 1211 iustinianus
435 1145 571 1210 tutelam
591 1142 788 1210 feminarum
814 1143 910 1230 plane
937 1137 1130 1224 abrogavit,

109 1229 182 1294 adeo
197 1243 233 1296 ut
246 1231 342 1298 hodie
355 1233 391 1298 in
405 1245 474 1302 toto
487 1255 624 1322 corpore
633 1234 714 1320 juris
726 1256 785 1298 neo
799 1231 872 1297 vola
886 1251 947 1296 neo
959 1227 1132 1313 vestigium

108 1316 199 1420 hujus
218 1322 328 1386 tutelae
344 1334 505 1388 occurrat.
531 1323 648 1388 Saltim
671 1320 832 1410 usquead
857 1331 1006 1406 tempora
1028 1313 1132 1380 lusti-

11 1487 13 1506 .
108 1409 193 1564 {ani
210 1411 364 1564 rpansisse
386 1411 503 1494 illam,
528 1411 820 1479 demonstravimus
840 1407 876 1474 in
895 1409 1021 1496 Antip.
1042 1413 1131 1470 nost·
1184 1437 1187 1444 ·

11 1531 13 1542 ¹
141 1521 206 1564 om.
245 1511 295 1566 Α.

11 1659 12 1664 ’
128 1643 215 1708 ¹Jure
226 1647 341 1710 Gallico
353 1651 483 1711 minores
496 1669 596 1710 omnes
606 1651 689 1723 ‚sine
704 1651 789 1710 sexds
799 1647 983 1716 discrimine,
995 1645 1027 1702 in
1040 1643 1135 1702 tutela

107 1742 190 1798 sunt,
205 1745 262 1789 art.
280 1731 349 1792 388.
359 1735 520 1810 Postquim
532 1735 603 1793 vero
620 1753 654 1793 ui
669 1755 756 1792 suum
767 1751 879 1790 annum
890 1731 1133 1804 compleverunt,

11 1859 13 1874 ,
108 1829 157 1868 nec
170 1813 297 1872 foeminae
311 1815 430 1889 quidem
452 1819 483 1873 in
505 1827 640 1874 tutorum
658 1827 801 1892 potestate
818 1823 907 1880 sunt,
928 1811 979 1868 sed
995 1807 1133 1880 suijuris

11 1889 12 1900 ¹
107 1895 236 1951 eradunt
254 1907 288 1952 et·
305 1896 381 1966 illae,
397 1912 450 1955 art.
469 1896 539 1957 483.
558 1899 703 1956 stramen
720 1897 821 1972 aliquo
839 1894 913 1953 vitio
931 1890 1065 1966 corporis
1084 1888 1133 1945 vel

106 1976 192 2032 animi
212 1975 370 2048 laborant,
387 1980 440 2054 qui
459 1981 544 2036 antei
564 1981 686 2037 fuerunt
702 1979 733 2036 in
750 1977 858 2044 tuteli,
873 1977 914 2032 ita
930 1986 965 2031 ut
980 1987 1133 2046 superesse

108 2058 163 2115 suis
179 2059 270 2116 rebus
287 2060 494 2136 nonpossint,
514 2062 554 2120 eis
574 2062 709 2118 interdici
726 2071 823 2136 potest
840 2059 991 2118 bonorum
1007 2069 1133 2112 suorum

11 2183 12 2196 .
108 2136 328 2226 administratio.
351 2141 422 2200 Cod.
435 2143 516 2220 Nap.
530 2157 584 2202 art.
598 2141 658 2220 489
673 2156 702 2200 et
713 2163 793 2218 seqq.
858 2207 860 2213 .

524 2296 554 2381 ς.
578 2293 721 2360 conr.

11 2505 12 2514 .
148 2455 223 2526 lam
238 2457 384 2546 sequitur
399 2455 552 2546 definitio
567 2459 692 2526 tutelae.
707 2459 838 2526 Servius
852 2455 1029 2548 Sulpicius,
1045 2453 1159 2551 prin-ff

107 2569 177 2636 ceps
189 2548 501 2615 iurisconsultorum
515 2559 663 2638 tempore
676 2545 866 2629 Ciceronis„
878 2548 923 2612 ita
945 2546 1057 2612 definit
1078 2557 1132 2609 tu-

107 2637 229 2704 telam:
248 2636 367 2703 Tutela
390 2648 436 2702 est
460 2637 511 2702 vio
533 2648 565 2721 et
581 2647 735 2724 potestas
760 2639 798 2703 in
821 2638 933 2726 capite
954 2635 1060 2702 libero
1084 2633 1134 2700 ad

108 2725 273 2794 tuendum
289 2749 387 2806 eum,
410 2726 473 2814 qui
491 2749 557 2814 per
570 2737 708 2792 oetotem
730 2728 856 2813 ipsese
877 2727 967 2791 tueri
987 2725 1129 2812 nequit,

97 2816 178 2906 jure
190 2815 287 2882 civili
297 2814 380 2880 alata
392 2815 446 2880 vel
452 2817 626 2902 permissu
632 2863 645 2896 ‚
660 2815 684 2880 l.
701 2838 713 2878 r
721 2864 734 2894 ,
740 2838 798 2902 pr.
803 2813 850 2905 ff
862 2815 893 2899 ς.
909 2837 921 2877 1
928 2864 940 2894 ,
955 2813 1043 2878 [nst.
1058 2813 1091 2876 h.
1105 2822 1132 2876 t.

106 2903 145 2969 In
157 2903 221 2971 hac
234 2901 437 2984 definitione,
451 2915 486 2968 ut
496 2902 533 2968 fit
543 2953 552 2984 ‚
564 2904 666 2968 multa
681 2903 861 2969 desiderant
872 2903 1028 2968 doctores.
1041 2901 1130 2966 Nam

108 2995 159 3058 1⁰.
174 3003 296 3083 putant
310 3014 384 3058 cam
397 3013 461 3058 esse
476 2993 666 3074 obscuram,
691 2992 766 3080 quia
781 2991 878 3071 dicit,
898 3002 945 3056 est
956 2991 1005 3058 vis
1018 3000 1051 3058 et
1065 3012 1129 3083 po·

106 3089 197 3147 testas
218 3084 258 3148 in
279 3083 390 3170 capite
414 3081 529 3148 libero.
552 3082 642 3168 Quid
664 3093 763 3171 caput
778 3080 946 3164 liberum?
966 3079 1036 3145 Cur
1060 3102 1130 3144 non
1154 3090 1170 3134 t

11 3221 13 3256 p
106 3171 224 3238 clarius
240 3169 347 3252 dixit,
364 3179 414 3236 est
436 3172 488 3236 vis
508 3182 542 3236 et
552 3181 708 3258 potestus
731 3172 770 3236 in
786 3169 949 3258 pupillo?
971 3181 1020 3234 2⁰.
1045 3169 1133 3234 Eam

11 3267 12 3270 ’
105 3281 167 3328 esse
191 3259 384 3348 ambiguam
404 3259 528 3326 dicunt.
550 3259 640 3326 Nam
659 3277 788 3326 sensum
812 3259 934 3324 horum
956 3257 1134 3324 vorborum

11 3411 12 3418 ,
105 3371 168 3416 esse
176 3372 286 3454 posse,
299 3349 386 3442 quod
400 3359 490 3414 tutor
500 3348 613 3414 debeat
625 3361 800 3440 essecaput
810 3348 966 3430 liberum,
982 3359 1014 3412 et
1021 3397 1032 3428 ,
1046 3347 1136 3434 quod

11 3467 13 3502 t
129 3439 249 3528 updtus
267 3461 331 3504 esse
350 3437 464 3506 debeat
483 3449 582 3527 caput
602 3438 754 3506 liberum.
777 3440 869 3526 Ergo
890 3438 1136 3524 eloquutionem

106 3459 191 3597 liano
212 3549 276 3594 esse
297 3530 510 3616 aequivocam.
534 3526 581 3594 5⁰.
605 3529 680 3595 Esse
702 3551 781 3604 eam
797 3523 1056 3594 verbosamsine
1076 3550 1134 3592 ra-

108 3617 204 3682 tione.
219 3617 309 3686 Nam
324 3615 371 3685 vis
382 3627 414 3702 et
427 3626 564 3706 potestas
577 3639 641 3698 csse
654 3617 812 3684 vocabula
826 3615 976 3698 συηὶνυμα,
989 3627 1023 3682 et
1035 3617 1135 3683 alter-
1206 3674 1210 3684 .

11 3705 13 3720 '
108 3714 216 3782 utram
235 3705 400 3774 suffecisse.
422 3705 485 3772 Sed
507 3703 652 3772 definitio
668 3706 804 3772 omnino
818 3719 864 3773 est
879 3707 1020 3796 optima,
1036 3705 1136 3770 modo
1211 3717 1213 3726 ‘

109 3807 193 3860 recte
207 3795 417 3888 intelligatur.
432 3793 603 3860 Nimirum
617 3809 722 3884 caput
740 3796 888 3863 liberum
904 3807 950 3862 est
970 3793 1065 3860 homi
1079 3795 1136 3860 rui

107 3881 215 3968 juria,
229 3883 315 3966 Geli.
332 3885 356 3954 l.
372 3889 396 3952 5
404 3934 417 3969 ,
431 3911 460 3951 c.
483 3907 530 3976 ¹9·
550 3883 686 3975 Ulpian.
708 3883 855 3977 Fmgm.
871 3885 924 3952 tir.
931 3883 1025 4060 (3151,
1045 3883 1076 3970 §.
1096 3887 1133 3950 5.
1253 3892 1259 3905 “
