2644 4504
227 231 293 297 544
513 231 685 301 LIBER
707 235 773 318 II,
797 237 906 306 ΤΙΤ.
934 239 962 306 Ι.

223 343 299 430 jure
319 331 416 408 oiviii.
439 343 494 408 Ex
516 365 583 430 quo
602 344 810 410 manifestum
834 359 901 427 est,
922 347 1035 414 modos
1057 339 1236 435 adquirendi

225 451 290 495 esse
302 433 353 496 vel
367 431 553 518 naturales,
566 433 622 519 qni
636 456 679 498 ex
691 433 767 518 jure
779 446 904 501 naturae
917 448 949 501 et
963 436 1106 522 gentium
1118 435 1234 500 fluunt:

224 519 303 584 alios
314 519 445 598 civiles,
457 517 514 607 qni
526 542 568 584 ex
577 523 651 608 jure
664 523 750 590 civili
763 536 969 612 promanant.
981 525 1033 590 De
1044 525 1236 590 naturalibus

224 607 288 672 hoo
301 609 417 690 titulo,
430 608 469 674 de
481 607 628 674 civilibus
637 607 721 678 infra
734 612 784 678 tit.
797 614 837 695 6,
848 625 955 701 etseq.
970 615 1088 702 agitur.

263 747 370 810 Codice
380 749 551 825 Napoleone
560 765 628 808 sunt
639 752 727 810 etiam
737 751 817 811 modi
827 755 996 831 acquirendi
1002 798 1013 826 ,
1024 757 1236 821 valuerimus,

221 841 257 888 ut
268 831 399 890 inventio
411 872 421 902 ‚
440 833 580 902 venatio,
596 847 653 893 etc.
664 837 711 893 vel
722 837 818 894 cs'viles
823 878 835 906 ‚
851 849 887 896 nt
899 837 1046 907 donatio,
1059 833 1217 895 haereditas.

598 990 630 1074 ς.
652 985 870 1058 ceoxnr.

265 1147 356 1238 (111.)
367 1121 665 1239 Quotupiieesvero
676 1162 751 1215 snnt
760 1099 1124 1241 naturalesadquirendi
1134 1137 1238 1217 modii

219 1237 267 1306 Ea
287 1239 326 1304 de
349 1261 386 1302 re
402 1259 470 1302 non
494 1241 647 1304 convenit
667 1238 753 1305 inter
778 1239 1037 1307 Jurisoonsultos.
1062 1241 1235 1306 Athesin

220 1329 312 1392 viam
330 1327 532 1392 reduxerunt
549 1325 689 1393 Grotius
704 1329 746 1394 de
758 1329 795 1394 J.
810 1327 855 1394 B.
870 1341 903 1395 et
915 1331 960 1396 Ρ.
975 1330 1021 1396 L.
1035 1331 1099 1411 ΙΙ,
1115 1355 1142 1396 e.
1160 1329 1236 1406 III,
1303 1355 1304 1400 ι

218 1415 523 1518 §.1,etl²nffind.
542 1415 624 1480 Lib.
646 1417 717 1482 JV·
720 1467 732 1497 ,
755 1441 831 1504 cup.
858 1418 939 1497 VI,
956 1421 986 1506 §
1010 1443 1037 1485 s.
1062 1419 1136 1485 Aut
1155 1418 1235 1483 enim
1303 1409 1304 1454 Ὗ

218 1505 423 1592 adquirimus
436 1525 526 1587 rem,
543 1527 617 1592 qnae
635 1517 764 1570 nonest
784 1506 819 1570 in
839 1505 969 1573 alterius
987 1508 1153 1587 domini03
1165 1529 1191 1572 e.
1206 1526 1235 1591 g·
1303 1505 1304 1530 ³

217 1591 323 1660 feram
344 1593 503 1674 bestiam,
527 1615 669 1660 mainan
682 1595 816 1683 apium,
831 1597 952 1683 pisoem
969 1617 987 1661 e
1005 1597 1093 1662 mari
1114 1607 1236 1662 extrac-

215 1693 291 1748 tum
307 1710 315 1746 :
332 1694 471 1763 autres,
488 1704 561 1768 quae
579 1684 615 1746 in
635 1683 765 1748 alterins
783 1683 928 1750 dominio
949 1695 1017 1765 est,
1039 1687 1077 1751 in
1097 1694 1236 1750 nostrum

216 1771 403 1838 dominium
419 1769 632 1851 transfertur3
652 1794 681 1836 e.
697 1795 729 1859 g.
745 1773 771 1838 si
786 1772 877 1838 heres
890 1773 928 1839 fit
942 1772 1096 1840 dominus
1109 1794 1235 1850 rerum,

103 1921 112 1932 ,
201 1885 297 1950 quas
311 1859 484 1927 defunctus
501 1859 616 1926 habuit
627 1885 638 1939 ;
651 1862 678 1926 si
697 1871 802 1926 emtor
820 1861 861 1928 ait
881 1863 1033 1928 dominus
1052 1863 1123 1944 rei,
1143 1881 1233 1948 quam

172 1947 190 2006 -“
215 1952 367 2016 venditor
381 1948 694 2036 habuitaqnamqne
709 1949 762 2014 hio
776 1947 824 2014 ilii
837 1950 979 2016 tradidit.
992 1951 1122 2018 Priores
1135 1949 1236 2034 adqui·

184 2049 186 2054 '
214 2039 310 2124 rendi
324 2038 437 2104 modos
445 2087 456 2118 ‚
468 2037 585 2123 quibus
596 2037 780 2103 dominium
792 2061 903 2104 rerum
914 2039 949 2104 in
962 2039 1085 2108 nulius
1099 2037 1235 2104 dominio

132 2139 143 2179 ἰ’
170 2137 183 2160 “
217 2129 468 2196 constitutarum
482 2127 711 2214 consequimur
725 2177 734 2208 ‚
750 2127 884 2192 Grotius
897 2140 993 2194 vocat
1008 2128 1233 2218 originarios:

216 2217 428 2320 posteriores,
450 2215 566 2303 quibus
585 2215 768 2282 dominium
784 2215 825 2280 ab
845 2238 911 2282 uno
925 2217 967 2282 ad
982 2217 1123 2282 alterum
1135 2227 1235 2281 trans-

213 2309 338 2386 iertur,
354 2305 570 2372 derivativus.
587 2303 768 2390 originarii
788 2305 905 2370 iterum
925 2305 1068 2372 duorum
1082 2325 1233 2394 generum

213 2407 301 2462 snut.
317 2395 405 2459 Nam
419 2405 476 2458 aut
490 2393 539 2458 rei
552 2393 766 2458 substantiam
781 2393 885 2482 ipsam
900 2393 1055 2482 adquiro,
1070 2407 1129 2460 aut
1140 2394 1233 2460 inere·

214 2494 365 2549 mentum
379 2493 410 2547 et
425 2479 550 2545 fructus
559 2529 570 2560 ,
589 2483 645 2568 qni
660 2502 703 2547 ex
720 2482 895 2548 substantia
915 2485 962 2548 rei
975 2485 1184 2572 proveniunt.
1202 2480 1233 2544 Si

212 2574 326 2664 prius,
341 2568 576 2648 Puffendorfins
594 2571 653 2634 hos
668 2566 782 2636 modos
797 2571 987 2657 originarios
1004 2571 1084 2641 dicit
1098 2569 1233 2658 *simpli-

213 2663 326 2728 citer:
346 2661 396 2724 sin
414 2658 589 2748 posterius,
614 2661 801 2725 secundum
820 2659 916 2748 qnid.
939 2661 993 2726 Sin
1016 2662 1101 2747 aig.
1121 2657 1233 2746 siquis

195 2771 354 2822 examen
373 2749 486 2838 apium
505 2748 540 2812 in
560 2711 653 2835 syiva
668 2760 802 2837 captum
822 2747 962 2814 alveario
982 2747 1146 2830 includit,
1164 2769 1233 2813 mu·

212 2842 273 2906 dus
287 2841 341 2906 hic
355 2835 547 2926 adquirendi
561 2836 748 2925 simpliciter
764 2847 811 2902 est
824 2837 1030 2924 originarius,
1046 2837 1123 2926 quia
1134 2839 1231 2926 ipsam

212 2932 325 3018 apium
348 2924 559 2992 substantiam
582 2926 678 3013 cepit.
703 2923 754 3027 At
773 2938 883 3014 postea
906 2927 1004 2992 etiam
1026 2927 1178 2995 dominus
1198 2924 1232 2988 fir

212 3015 338 3099 meilis,
354 3016 442 3104 qnod
462 3013 608 3080 fecerunt
627 3036 702 3102 apes
715 3062 724 3094 ,
738 3036 828 3100 isque
847 3015 963 3080 modus
982 3011 1172 3102 adquirendi
1190 3022 1232 3078 est
1304 3023 1305 3072 1

210 3107 405 3194 originarius
422 3103 599 3170 secundum
618 3103 716 3190 qnid,
737 3103 831 3190 qnia,
849 3103 937 3192 quod
954 3127 1014 3194 per
1032 3105 1126 3168 istam
1147 3102 1231 3168 snbs-

209 3199 350 3262 tantiam
364 3195 474 3284 apium
490 3192 631 3270 accedit,
646 3191 885 3258 incrementum
904 3191 1056 3281 adquirit.
1073 3193 1146 3258 Jam
1159 3209 1232 3275 ergo

210 3285 304 3351 facile
325 3283 570 3360 omnesmodos
591 3280 782 3367 adquirendi
800 3281 963 3346 naturales
987 3283 1182 3370 reperiemus
1200 3290 1229 3340 et

210 3372 456 3440 recensebimus.
486 3369 588 3435 Unns'
609 3382 656 3434 est
683 3369 875 3456 originarius
899 3369 1117 3459 simpliciter,
1144 3368 1229 3453 isque
1304 3377 1305 3398 ¹

209 3474 346 3528 vocatur
372 3458 546 3546 occupatio
559 3482 573 3536 ‚-
599 3458 639 3522 de
665 3480 728 3545 qua
753 3459 860 3545 agitur
883 3460 915 3543 ὅ.
941 3455 1091 3526 dia-355
1116 3473 1124 3522 ‘a
1149 3477 1228 3520 nnus

208 3549 402 3638 originarius
415 3547 592 3611 secundum
604 3547 700 3633 quid,
716 3548 773 3634 qui
787 3558 923 3614 vocatur
937 3549 1081 3614 accessio
1091 3571 1103 3626 ‚·
1114 3546 1152 3612 de
1164 3563 1224 3634 qua

208 3663 226 3706 a
242 3644 272 3726 ς.
289 3635 439 3722 554-578
454 3662 462 3698 ι
479 3657 562 3700 unns
577 3636 789 3719 derivativus,
802 3631 858 3726 qui
875 3644 1011 3705 vocatur
1026 3635 1170 3717 traditio,
1185 3631 1223 3696 de

212 3753 275 3818 qua
291 3729 321 3814 §.
338 3728 418 3818 579,
433 3724 475 3820 ad
487 3723 602 3790 finem.
668 3733 669 3738 ’
