2646 4496
184 363 254 434 DE
276 365 499 434 CAPITIS
523 358 940 436 DEMINUTIONE.
1011 363 1074 432 261

67 472 169 533 minima
178 477 278 552 eapitis
287 477 450 538 deminutio
460 519 468 548 ‚
479 499 557 555 quae,
568 477 654 554 putri,
664 495 718 554 per
727 476 987 553 emancipationem
1000 466 1080 532 neei-

10 561 11 604 2
68 553 120 624 dit,
136 561 246 616 tantun
261 557 299 616 ad
313 561 477 637 augendam
488 601 497 630 ,
507 579 568 618 non
581 559 686 634 utique
701 559 739 616 ad
752 559 940 616 minuendam
951 555 1081 614 emanci-

67 639 119 710 pati
127 640 311 720 rapacitatem
321 654 366 700 eat
375 641 554 716 accipienda.
566 673 607 688 -·-
618 642 699 698 Idem
711 642 727 698 a
740 640 858 700 fortiori
867 639 1024 698 dicendum
1040 637 1078 696 de

67 717 230 794 adoptione,
251 741 317 798 que
331 742 384 780 ner
397 723 512 780 familie
527 722 596 797 jura
608 723 747 800 perimit,
766 739 819 782 neo
831 732 1006 799 potestatam
1020 737 1079 796 pa·

67 801 139 860 triam
151 803 181 860 in
189 803 382 880 adoptantem
393 806 543 864 transfert.

428 935 459 1022 ς.
487 933 687 1004 ccxxv.

101 1073 208 1161 Quum
218 1095 297 1142 varo
305 1085 403 1165 caput
417 1076 466 1142 vel
477 1085 577 1143 statua
586 1075 627 1142 sit
639 1075 759 1166 triplex
771 1125 781 1157 ,
793 1075 977 1158 libertatis,
990 1074 1075 1142 eivi-

66 1167 176 1267 tatiaet
185 1163 342 1254 familiae
356 1193 367 1230 .·
380 1166 501 1269 triplex
518 1187 648 1252 quoque
666 1177 712 1230 est
734 1165 848 1255 capitis
871 1164 1076 1246 deminutio,

59 1253 220 1334 'amarma,
232 1252 358 1332 medio,
371 1277 528 1319 mammo·
538 1255 705 1320 Maxima
718 1267 765 1322 est
773 1303 783 1337 ,
793 1277 856 1344 qua
868 1253 998 1320 libertae
1012 1253 1076 1320 tol·

64 1340 147 1422 litor,
160 1345 304 1430 adeoque
314 1352 347 1407 et
353 1344 428 1430 jura
440 1343 577 1410 civitatis
588 1355 620 1408 et
632 1341 772 1408 familiae.
795 1345 887 1408 Dum
904 1345 993 1408 enim
1012 1344 1077 1410 eli·

65 1430 123 1516 quis
134 1430 171 1498 fit
180 1453 309 1512 servus,
325 1431 501 1498 necessario
516 1442 548 1496 et
561 1431 639 1498 ciris
654 1442 687 1496 et
698 1429 927 1520 paterfamilias
941 1453 1005 1498 ease
1018 1432 1077 1497 de-

65 1519 126 1584 ainit
136 1546 144 1584 r
156 1521 271 1586 medio
283 1530 344 1600 eet,
360 1543 423 1606 qua
435 1520 573 1586 civitatis
580 1520 633 1605 jus
643 1521 824 1601 amittitur3
837 1520 890 1586 hie
904 1519 986 1586 liber
997 1519 1074 1608 qui-

10 1649 12 1680 .
64 1607 127 1674 dem
137 1610 235 1676 homo
245 1619 376 1689 manet,
389 1610 443 1674 sed
455 1620 564 1674 tamen
577 1607 613 1674 fit
627 1609 831 1698 peregrinus,
842 1619 874 1682 et
886 1607 1075 1700 paterlami-
1098 1689 1105 1698 ἱ

10 1707 11 1768 ξ
64 1693 111 1762 lias
122 1720 183 1766 aare
196 1699 314 1764 desinit
326 1724 335 1761 a
349 1697 497 1764 miraimo
508 1709 575 1778 eet,
590 1719 653 1786 qua
671 1700 745 1786 jura
758 1697 889 1764 familiae
900 1697 1073 1787 perimun*

10 1859 12 1872 .
64 1797 128 1869 tur,
147 1788 297 1876 quamvis
314 1797 346 1852 et
365 1785 494 1852 libertas
513 1798 644 1852 maneat
660 1799 693 1851 et
706 1787 841 1852 civitatis
851 1789 915 1874 jua.
935 1787 1073 1854 Paucis:

10 1887 12 1914 ¹
65 1878 206 1944 maxima
225 1877 405 1966 opponitur
423 1877 521 1941 statui
539 1875 693 1942 libertatis
711 1903 718 1940 ι
737 1876 850 1942 medio
868 1877 965 1942 statui
989 1875 1073 1941 eivi-

64 1966 304 2032 tatiaaminimo
319 1965 416 2030 atatui
427 1963 568 2032 familiae.
591 1964 761 2032 Addendm
779 1965 887 2030 adhue
905 1975 982 2030 eunt
999 1964 1075 2030 dum
1114 2045 1125 2059 ἱ

65 2054 304 2122 observationem
323 2063 365 2120 1⁰.
384 2053 471 2142 quod
486 2056 642 2120 maximo
652 2065 684 2118 et
698 2053 811 2120 media
824 2055 860 2119 in
872 2055 946 2143 jure
963 2063 1074 2120 nostro

65 2156 210 2210 rorantur
226 2167 321 2210 mora
339 2143 468 2224 civilia,
490 2143 513 2207 l.
528 2165 593 2230 209
602 2191 612 2225 ,
615 2141 663 2234 ff
678 2143 720 2210 de
743 2143 790 2210 R.
813 2143 850 2209 J.
880 2144 949 2208 Cur
969 2142 1073 2210 vero?

66 2231 342 2318 Quemadmodum
364 2231 620 2300 enim‘mortuus
642 2253 702 2298 nee
721 2234 789 2320 agit
812 2231 910 2322 quid,
933 2254 994 2299 nee
1038 2251 1074 2296 a·

65 2325 152 2404 titur,
167 2323 213 2402 ita
229 2333 265 2390 at
281 2320 366 2388 serti
382 2332 414 2386 et
436 2342 511 2409 pere
534 2321 598 2386 rini
616 2343 676 2388 nee
698 2343 812 2409 agere,
831 2343 892 2388 neo
918 2255 1074 2394 benerllio

65 2409 250 2500 aliquojuria
260 2410 363 2476 oiv'rlia
376 2408 472 2475 adfici
478 2457 490 2489 ,
500 2343 629 2498 fierique
643 2421 804 2501 poterant.
818 2412 857 2476 E.
870 2431 902 2498 g.
918 2433 1076 2502 neonup·

65 2498 113 2568 tiea
125 2500 204 2588 juris
225 2501 370 2566 Romani
384 2495 545 2578 faciebant
553 2547 562 2580 ,
586 2521 646 2565 neo
659 2499 859 2568 testabantur
874 2549 886 2581 ,,
902 2511 1077 2569 testamen-

66 2599 127 2655 tove
140 2589 272 2658 heredes
289 2585 557 2668 instituebantur,
575 2611 636 2654 nee
651 2589 889 2656 contrahebant
896 2590 1077 2656 secundum

64 2676 106 2761 jus
117 2677 210 2748 civile
218 2729 229 2762 ,
242 2701 304 2744 nee
318 2677 435 2744 liberor
449 2677 487 2742 in
496 2689 652 2766 potestate
666 2677 848 2760 habebant,
862 2701 923 2746 nee
941 2701 1001 2744 usu
1023 2701 1077 2744 ee·

12 2761 14 2834 l
66 2766 202 2852 piabant,
218 2767 365 2854 adeoque
377 2765 475 2855 plane
484 2789 545 2856 pro
554 2766 690 2832 mortuis
702 2765 905 2832 habebantur
914 2816 924 2849 ,
936 2789 1027 2855 aeque
1041 2789 1080 2831 ao

12 2853 15 2900 l
65 2853 121 2949 illi,
164 2858 259 2924 uibus
277 2865 378 2945 caput
407 2856 554 2920 naturale
579 2867 799 2944 amputatum.
825 2861 872 2922 2⁰.
898 2855 997 2942 Quod
1020 2855 1081 2919 ali-

13 2975 15 3024 f
66 2967 120 3030 que
165 2973 185 3016 o
198 2943 325 3035 duplex
336 2954 467 3012 tantum
482 2943 598 3032 capitia
607 2943 790 3010 deminutio
799 2945 942 3010 occurrit
956 2945 991 3008 in
1005 2945 1081 3031 jure

13 3033 15 3104 l
65 3047 181 3120 roano,
195 3033 300 3105 veluti
310 3031 493 3208 inlesgibue
504 3031 745 3114 notabilibue,l.
764 3056 793 3114 a,
806 3035 836 3118 §.
855 3055 889 3112 r,
894 3030 942 3124 ff
958 3031 1080 3100 deauie

13 3119 16 3202 l
67 3125 201 3214 etlegit.
231 3122 311 3189 etl.
338 3143 368 3204 r,
409 3165 420 3188 .

444 3126 466 3190 8
475 3170 486 3202 ,
502 3119 551 3210 ffi
576 3122 624 3188 ad
644 3120 710 3188 SC.
742 3120 886 3188 Tertull.
913 3119 976 3186 Sed
1001 3133 1081 3198 tuno

14 3211 15 3280 l
66 3213 164 3280 minua
190 3213 345 3280 adcurate
373 3208 555 3298 loquuntur
576 3209 820 3291 Juriaouusulti,
843 3221 875 3275 et
899 3210 1085 3276 maximam

14 3341 16 3360 t
67 3301 264 3391 mediamque
280 3299 338 3390 apb
349 3320 416 3364 una
430 3298 536 3389 aperie
547 3301 821 3388 complectuntur.
840 3298 879 3365 Id
901 3299 991 3388 quod
1003 3323 1086 3390 saepe
1130 3299 1136 3306 ’

14 3395 15 3404 ³
67 3388 158 3458 fieria
175 3393 193 3458 J
197 3387 416 3458 uriseonsultia
427 3436 437 3470 ,
455 3388 553 3454 etiam
578 3389 612 3454 in
639 3389 708 3454 aliia
731 3388 901 3478 tripartitis
919 3387 1086 3458 diuisioni-v

67 3476 119 3548 bus
126 3531 136 3564 ‚
149 3481 331 3548 luculenter
338 3473 450 3542 doouit
460 3477 507 3543 V.
517 3475 555 3542 C.
565 3465 672 3544 Gerbl
682 3477 715 3544 N
718 3479 795 3546 oodt
807 3477 960 3546 Probab.
970 3477 1068 3546 lib-‘I
1074 3529 1085 3563 ,

68 3591 134 3658 rap.
151 3593 185 3638 aa
197 3582 231 3636 et
243 3567 383 3636 Observ.
396 3563 456 3638 tib.
470 3565 531 3648 11,
546 3589 624 3656 eop.
640 3591 688 3634 ar.

15 3725 17 3730 ·
113 3719 143 3806 r.
163 3715 401 3811 ccxxvt,
427 3711 663 3783 ccxxvn
691 3728 724 3782 a
751 3709 1031 3786 ccxxvnr.
1185 3741 1188 3747 ·

108 3868 283 3950 Vidimus,
306 3863 384 3956 quid
406 3864 446 3930 eit
465 3863 521 3930 illa
543 3863 664 3954 triplex
679 3863 861 3935 deminutio
875 3865 990 3956 capitia
1002 3865 1091 3956 :jam

73 3953 235 4034 ‹lieendum
248 3956 366 4040 etiam,
380 3954 517 4048 quinam
533 3953 623 4022 illem
634 3953 813 4046 patiantur.
864 4041 897 4108 R
917 4039 937 4108 5
1064 4023 1069 4031 ,
