2644 4504
90 335 157 402 DE
173 335 292 402 RER.
308 335 408 406 DIV.
424 337 483 404 ET
496 337 647 426 ADQU.
659 333 767 404 ΕΑΒ.
783 337 952 404 ΒΟΜΙΝ.
977 335 1046 405 555

12 467 85 510 mus.
98 445 288 528 Nimirum
299 444 417 528 hodie,
437 467 511 548 quae
524 446 604 512 olim
619 446 750 536 publica
766 458 860 512 erant
868 496 879 528 ,
917 447 1072 546 lergq'ug,

13 545 77 599 sunt
96 533 133 598 in
146 533 354 624 principum
368 535 515 602 dommio
526 558 565 602 ve
661 585 670 618 ,
690 557 719 600 e.
739 558 771 623 g.
820 531 1050 624 fiffiinaspor-

13 634 76 704 tus,
93 623 150 710 jus
172 623 348 706 venandi,
368 623 534 714 piscandi,
554 622 804 690 metallifodinae.
823 626 867 690 Et
884 623 962 690 hin'c
976 625 1048 690 baec

11 711 74 798 jura
84 711 185 779 bodie
198 723 419 790 accensentur
436 713 610 803 regalibus
628 714 820 789 minoribus
841 715 895 780 vel
898 713 1046 800 juribus

14 801 252 887 umectatmis.
267 801 349 870 Vid.
360 795 525 888 Zieglerus
537 801 666 891 dejure
677 805 811 890 majest.
824 804 920 868 Hert.
933 803 974 868 de
986 825 1048 892 su:
1060 875 1074 886 Ι,
1089 825 1094 842 “

10 891 209 976 perioritate
218 891 437 956 territoriali.
445 891 612 978 Quaeritur
620 891 874 980 itaque,ourhoo
882 901 1048 958 mutatum
1110 966 1111 977 χ

14 979 67 1042 sit?
83 980 157 1061 vel,
170 1002 239 1046 cur
247 979 403 1067 jusistud
412 1015 435 1060 ,·
443 982 538 1068 quale
552 981 669 1046 Romae
682 979 777 1046 fuisse
795 979 956 1062 diximus,
975 1002 1045 1056 non

15 1068 90 1156 opud
106 1091 170 1134 nos
183 1069 299 1134 etiam
310 1068 484 1134 obtineat?
505 1069 604 1135 Ratio
617 1069 659 1136 eis
673 1061 887 1158 adquisitione
906 1069 1047 1158 provinz
1057 1107 1077 1146 ι,

16 1157 130 1222 ciarum
138 1157 327 1246 repetenda
337 1168 397 1224 est.
407 1159 508 1223 Recte
520 1159 630 1228 docuit
644 1160 743 1246 Hugo
753 1159 888 1224 Grotius
896 1161 938 1224 de
948 1159 984 1223 Ι.
995 1157 1043 1224 B.

17 1256 41 1308 et
50 1245 90 1310 P.
105 1246 167 1327 II,
177 1269 200 1313 2
211 1297 226 1328 ,
238 1243 281 1328 4,
292 1247 446 1336 occupari
456 1270 547 1336 posse
555 1247 762 1350 provinciam
775 1249 826 1314 vel
832 1271 900 1336 per
910 1249 1045 1314 univer·
1074 1317 1078 1326 ,

18 1335 163 1416 citatem,
183 1335 324 1424 quando
338 1347 404 1401 tota
415 1338 582 1426 provincia
597 1336 799 1424 conjunctim
810 1335 995 1489 adquiritur
1003 1359 1043 1401 ac

18 1435 113 1508 postea
136 1423 307 1492 dividitur
331 1425 416 1490 inter
436 1423 818 1508 cives3uti2Paloestinam
840 1448 858 1490 a
897 1425 1045 1493 Hebraeis
1075 1483 1078 1492 ,

20 1525 204 1602 occupatam
221 1513 379 1580 novimus
398 1540 406 1578 ε
426 1515 479 1581 vel
493 1539 561 1603 per
569 1515 703 1602 fundos
709 1553 722 1595 ,·
741 1515 864 1602 quoties
887 1524 1041 1579 ncn‘tota

19 1603 176 1686 provincia
193 1602 299 1668 simul
318 1615 520 1692 occupatur,
537 1603 592 1669 sed
609 1605 827 1692 unusquisque
844 1601 904 1668 sibi
918 1601 1043 1691 aliquid
1123 1608 1126 1614 ’

21 1710 54 1752 ex
65 1713 99 1756 es
110 1692 292 1780 provincia
302 1691 477 1781 prolubitu
486 1689 1043 1782 vindicat3qualemoccupationem
1145 1694 1146 1698 ’

21 1777 220 1846 observamus
237 1781 328 1871 apud
345 1783 483 1871 populos
497 1781 681 1863 Nomades,
707 1782 763 1869 qui
778 1803 856 1846 cum
870 1802 967 1868 grege
981 1803 1043 1932 pe-

22 1872 130 1934 sudum
140 1919 150 1954 ,
162 1872 391 1958 camelorum,
410 1871 511 1936 boum
523 1871 864 1960 pererrantregionem
875 1919 884 1952 ,
896 1881 928 1936 et
940 1918 949 1948 ,
964 1891 986 1933 u
1009 1868 1042 1958 i'.

22 1977 150 2047 cumque
171 1983 209 2025 re
236 1959 348 2026 eriuut
367 1981 484 2046 agrum
503 1960 562 2025 sibi
587 1959 879 2044 commodum,-ibi
901 1957 1042 2027 tentoria

22 2043 138 2130 figunt,
157 2061 192 2114 et
207 1983 415 2114 domicilium
432 2049 648 2130 constituunt,
677 2049 803 2114 tamdiu
819 2049 1041 2130 duraturum,

23 2133 110 2202 donec
119 2160 265 2224 gramen
276 2135 444 2218 defecerim
454 2149 533 2202 tunc
545 2138 633 2203 enim
644 2137 708 2203 alio
721 2161 753 2204 se
767 2135 950 2204 conferunt.
964 2137 985 2202 J
986 2159 1043 2202 am

1 2311 2 2314 Ἴ
24 2243 87 2289 cum
95 2227 265 2314 pleraeque
275 2237 385 2312 gentes
394 2227 561 2315 Europaeae
568 2248 635 2292 non
644 2227 835 2292 Nomadum
846 2245 938 2304 more
950 2225 1040 2293 vixe-

1 2370 2 2376 ,
23 2311 93 2395 tint,
112 2317 169 2382 sed
186 2315 315 2380 militiae
328 2337 451 2380 nomen
466 2319 593 2381 clarum
608 2315 667 2382 sibi
688 2315 894 2404 quaesiverint
914 2342 923 2380 ε
946 2313 1042 2381 facile
1135 2327 1137 2332 ’

1 2451 2 2456 ,
23 2419 84 2466 sane
98 2417 213 2492 patet,
238 2427 293 2470 eos
311 2405 494 2491 provincias
510 2427 581 2470 suas
598 2427 664 2470 non
684 2429 742 2494 per
762 2403 895 2486 fundos,
910 2402 965 2470 sed
980 2429 1040 2495 per

25 2490 257 2560 universitatem
283 2491 315 2560 vi
335 2493 448 2559 bellica
469 2515 649 2597 occupasse.
667 2495 734 2560 Ubi
757 2495 961 2584 provinciam
981 2516 1040 2583 per

1 2623 2 2626 ,
25 2579 258 2648 universitatem
285 2599 501 2672 occupamus‘,
517 2579 562 2648 ibi
577 2595 608 2648 et
621 2584 770 2670 singula,
789 2607 863 2671 quac
880 2585 936 2649 illa
959 2606 1042 2672 pro-

1 2741 2 2746 γ
26 2665 117 2734 vincia
132 2672 363 2753 continentur,
384 2671 425 2736 ad
445 2692 504 2736 nos
517 2673 690 2760 pertinent.
709 2671 777 2738 Ubi
793 2673 921 2760 singula
934 2672 968 2735 in
982 2672 1040 2737 illo

25 2763 79 2820 toto
91 2760 132 2825 ad
139 2784 204 2827 nos
218 2760 403 2850 pertinent,
417 2761 463 2825 ibi
476 2759 559 2826 nihil
570 2773 614 2826 est
624 2761 750 2825 nullius
764 2809 774 2844 ‚
800 2761 945 2848 adeoque
963 2781 1040 2824 om-

25 2843 89 2926 nia,
113 2851 218 2916 veluti
245 2848 511 2930 metallifodinae,
533 2845 631 2931 ferae,
656 2849 778 2939 pisces,
803 2848 944 2914 flumina
964 2859 1040 2913 sunt

24 2936 135 3021 populi.
143 2939 326 3027 Quumque
335 2940 476 3028 populus
486 2939 542 3003 illa
555 2937 727 3008 commode
739 2959 799 3002 uec
811 2938 953 3004 dividere
964 2960 1041 3025 pos·

1 3071 2 3076 1
24 3032 62 3083 tet
73 3025 155 3092 inter
170 3029 331 3119 singulos,
349 3051 410 3093 nec
429 3030 648 3106 communiter
665 3027 727 3092 illis
744 3026 794 3092 uti
812 3053 820 3090 ε
842 3026 1039 3090 consultissi-

24 3126 106 3209 113um
119 3117 304 3200 videbatur,
318 3140 355 3183 ea
370 3115 550 3206 relinquere
564 3116 723 3208 principi,
740 3127 912 3203 tamquam
923 3115 1040 3180 doma·

1 3274 3 3279 ³
25 3200 132 3284 utalia,
159 3220 198 3272 ut
224 3209 262 3274 iis
290 3208 400 3274 aulam
420 3207 598 3272 sustineret.
619 3209 664 3274 Et
683 3205 761 3271 hinc
781 3204 970 3292 hujusmodi
991 3225 1044 3272 res

26 3292 141 3358 unium
161 3318 232 3362 non
251 3296 370 3384 ubique
386 3297 521 3362 summis
542 3293 775 3384 imperantibus
793 3294 1036 3380 relinquuntur.

1 3387 6 3467 5
26 3371 105 3464 Soepe
119 3395 230 3452 temen
249 3386 410 3475 principes
423 3407 475 3452 eas
488 3385 524 3450 in
537 3383 671 3450 feudum
683 3385 763 3450 dant
773 3383 962 3467 comitibus,
982 3387 1039 3448 ba·

1 3509 2 3540 o
25 3467 164 3555 funibus,
178 3475 355 3557 nobilibus,
367 3475 471 3540 immo
490 3487 523 3540 et
536 3474 667 3564 plebeiis
680 3474 750 3540 illas
770 3473 954 3539 concedunt
973 3497 1037 3564 pro

1 3551 2 3577 ¹
26 3567 104 3622 certo
114 3583 211 3633 cemu
223 3565 276 3656 qel
287 3585 411 3636 canone
425 3587 536 3632 annuo
551 3564 627 3630 fisco
641 3563 797 3654 principis
807 3563 1017 3634 exsolvendo.

367 3717 398 3804 o.
429 3715 698 3783 cccxmx.

65 3867 171 3940 Restat
185 3897 288 3950 unum
310 3873 668 3968 superioris‘dirisionb
686 3873 887 3951 membrum.
897 3871 966 3956 ,Res
977 3891 1041 3962 esse
1076 3915 1081 3926 ,.
1169 3853 1170 3856 Ἴ
