<?xml version="1.0" encoding="UTF-8"?>
<!DOCTYPE html PUBLIC "-//W3C//DTD XHTML 1.0 Transitional//EN"
    "http://www.w3.org/TR/xhtml1/DTD/xhtml1-transitional.dtd">
<html xmlns="http://www.w3.org/1999/xhtml" xml:lang="en" lang="en">
 <head>
  <title>
</title>
<meta http-equiv="Content-Type" content="text/html;charset=utf-8" />
  <meta name='ocr-system' content='tesseract 3.04.00' />
  <meta name='ocr-capabilities' content='ocr_page ocr_carea ocr_par ocr_line ocrx_word'/>
</head>
<body>
  <div class='ocr_page' id='page_1' title='image "./recitationesine00heingoog_0027.png"; bbox 0 0 2710 4504; ppageno 0'>
   <div class='ocr_carea' id='block_1_1' title="bbox 166 367 1345 2978">
    <p class='ocr_par' dir='ltr' id='par_1_1' title="bbox 166 367 917 460">
     <span class='ocr_line' id='line_1_1' title="bbox 166 367 917 460; baseline -0.005 -20"><span class='ocrx_word' id='word_1_1' title='bbox 166 387 171 460; x_wconf 79' lang='lat' dir='ltr'>j</span> <span class='ocrx_word' id='word_1_2' title='bbox 226 369 270 440; x_wconf 76' lang='grc'><strong>68</strong></span> <span class='ocrx_word' id='word_1_3' title='bbox 451 444 454 449; x_wconf 92' lang='lat'><em>.</em></span> <span class='ocrx_word' id='word_1_4' title='bbox 503 408 507 417; x_wconf 93' lang='lat'>·</span> <span class='ocrx_word' id='word_1_5' title='bbox 563 367 917 438; x_wconf 70' lang='lat' dir='ltr'>PROOEMIUM.</span> 
     </span>
    </p>

    <p class='ocr_par' dir='ltr' id='par_1_2' title="bbox 202 477 1345 2978">
     <span class='ocr_line' id='line_1_2' title="bbox 223 477 1245 569; baseline -0.006 -21"><span class='ocrx_word' id='word_1_6' title='bbox 223 484 286 548; x_wconf 88' lang='lat' dir='ltr'><strong>mis</strong></span> <span class='ocrx_word' id='word_1_7' title='bbox 297 477 618 569; x_wconf 77' lang='lat' dir='ltr'><strong>auspiciiaaggressuo</strong></span> <span class='ocrx_word' id='word_1_8' title='bbox 629 489 675 544; x_wconf 83' lang='lat' dir='ltr'><strong>est</strong></span> <span class='ocrx_word' id='word_1_9' title='bbox 688 478 905 561; x_wconf 80' lang='lat' dir='ltr'><strong>luetiuianns,</strong></span> <span class='ocrx_word' id='word_1_10' title='bbox 920 477 977 568; x_wconf 91' lang='lat' dir='ltr'><strong>qui</strong></span> <span class='ocrx_word' id='word_1_11' title='bbox 990 478 1063 545; x_wconf 85' lang='lat' dir='ltr'><strong>ideo</strong></span> <span class='ocrx_word' id='word_1_12' title='bbox 1075 477 1113 544; x_wconf 88' lang='lat' dir='ltr'><strong>in</strong></span> <span class='ocrx_word' id='word_1_13' title='bbox 1126 477 1245 546; x_wconf 78' lang='lat' dir='ltr'><strong>Princ.</strong></span> 
     </span>
     <span class='ocr_line' id='line_1_3' title="bbox 226 565 1248 659; baseline -0.002 -21"><span class='ocrx_word' id='word_1_14' title='bbox 226 574 343 638; x_wconf 74' lang='lat' dir='ltr'><strong>Conci.</strong></span> <span class='ocrx_word' id='word_1_15' title='bbox 360 565 465 641; x_wconf 73' lang='lat' dir='ltr'><strong>Toni.</strong></span> <span class='ocrx_word' id='word_1_16' title='bbox 477 569 518 632; x_wconf 78' lang='lat' dir='ltr'><strong>de</strong></span> <span class='ocrx_word' id='word_1_17' title='bbox 535 565 701 658; x_wconf 65' lang='lat' dir='ltr'><strong>Confirm-</strong></span> <span class='ocrx_word' id='word_1_18' title='bbox 716 567 801 658; x_wconf 75' lang='lat' dir='ltr'><strong>mg.</strong></span> <span class='ocrx_word' id='word_1_19' title='bbox 819 591 895 635; x_wconf 87' lang='lat' dir='ltr'><strong>vere</strong></span> <span class='ocrx_word' id='word_1_20' title='bbox 906 569 1124 657; x_wconf 57' lang='lat' dir='ltr'><strong>gloriatum</strong></span> <span class='ocrx_word' id='word_1_21' title='bbox 1135 571 1248 659; x_wconf 73' lang='lat' dir='ltr'><strong>perfi-</strong></span> 
     </span>
     <span class='ocr_line' id='line_1_4' title="bbox 221 657 1248 748; baseline -0.002 -22"><span class='ocrx_word' id='word_1_22' title='bbox 221 663 307 726; x_wconf 78' lang='lat' dir='ltr'><strong>cieoo</strong></span> <span class='ocrx_word' id='word_1_23' title='bbox 318 710 326 738; x_wconf 92' lang='lat'><strong>,</strong></span> <span class='ocrx_word' id='word_1_24' title='bbox 335 661 483 738; x_wconf 75' lang='lat' dir='ltr'><strong>juvante</strong></span> <span class='ocrx_word' id='word_1_25' title='bbox 500 657 572 724; x_wconf 84' lang='lat' dir='ltr'><strong>Dec</strong></span> <span class='ocrx_word' id='word_1_26' title='bbox 581 706 593 736; x_wconf 91' lang='lat'><strong>,</strong></span> <span class='ocrx_word' id='word_1_27' title='bbox 611 657 705 746; x_wconf 76' lang='lat' dir='ltr'><strong>quod</strong></span> <span class='ocrx_word' id='word_1_28' title='bbox 717 679 816 729; x_wconf 70' lang='lat' dir='ltr'><strong>necno</strong></span> <span class='ocrx_word' id='word_1_29' title='bbox 838 671 919 724; x_wconf 79' lang='lat' dir='ltr'><strong>unte</strong></span> <span class='ocrx_word' id='word_1_30' title='bbox 936 683 1039 725; x_wconf 81' lang='lat' dir='ltr'><strong>cuum</strong></span> <span class='ocrx_word' id='word_1_31' title='bbox 1061 661 1248 748; x_wconf 83' lang='lat' dir='ltr'><strong>imperium</strong></span> 
     </span>
     <span class='ocr_line' id='line_1_5' title="bbox 222 747 1247 838; baseline -0.002 -22"><span class='ocrx_word' id='word_1_32' title='bbox 222 772 391 838; x_wconf 79' lang='lat' dir='ltr'><strong>umquam</strong></span> <span class='ocrx_word' id='word_1_33' title='bbox 412 747 621 834; x_wconf 74' lang='lat' dir='ltr'><strong>speraverit,</strong></span> <span class='ocrx_word' id='word_1_34' title='bbox 644 769 751 834; x_wconf 79' lang='lat' dir='ltr'><strong>neque</strong></span> <span class='ocrx_word' id='word_1_35' title='bbox 765 747 918 814; x_wconf 75' lang='lat' dir='ltr'><strong>humano</strong></span> <span class='ocrx_word' id='word_1_36' title='bbox 933 749 1072 838; x_wconf 82' lang='lat' dir='ltr'><strong>ingenio</strong></span> <span class='ocrx_word' id='word_1_37' title='bbox 1079 748 1247 835; x_wconf 72' lang='lat' dir='ltr'><strong>possibile</strong></span> 
     </span>
     <span class='ocr_line' id='line_1_6' title="bbox 222 835 1248 924; baseline -0.004 -20"><span class='ocrx_word' id='word_1_38' title='bbox 222 863 295 908; x_wconf 78' lang='lat' dir='ltr'><strong>eece</strong></span> <span class='ocrx_word' id='word_1_39' title='bbox 310 838 450 924; x_wconf 65' lang='lat' dir='ltr'><strong>ponitur</strong></span> <span class='ocrx_word' id='word_1_40' title='bbox 467 835 724 902; x_wconf 71' lang='lat' dir='ltr'><em>existimaverit.</em></span> <span class='ocrx_word' id='word_1_41' title='bbox 748 835 854 918; x_wconf 88' lang='lat' dir='ltr'><strong>Sunt,</strong></span> <span class='ocrx_word' id='word_1_42' title='bbox 876 837 933 924; x_wconf 88' lang='lat' dir='ltr'><strong>qui</strong></span> <span class='ocrx_word' id='word_1_43' title='bbox 953 838 1121 922; x_wconf 81' lang='lat' dir='ltr'><strong>dolant,a¹</strong></span> <span class='ocrx_word' id='word_1_44' title='bbox 1144 838 1162 902; x_wconf 86' lang='lat' dir='ltr'><strong>J</strong></span> <span class='ocrx_word' id='word_1_45' title='bbox 1166 837 1248 902; x_wconf 84' lang='lat' dir='ltr'><strong>uoti·</strong></span> 
     </span>
     <span class='ocr_line' id='line_1_7' title="bbox 220 921 1248 1015; baseline -0.004 -23"><span class='ocrx_word' id='word_1_46' title='bbox 220 929 323 996; x_wconf 81' lang='lat' dir='ltr'><strong>uiano</strong></span> <span class='ocrx_word' id='word_1_47' title='bbox 346 926 409 991; x_wconf 90' lang='lat' dir='ltr'><strong>hoc</strong></span> <span class='ocrx_word' id='word_1_48' title='bbox 432 948 513 1014; x_wconf 66' lang='lat' dir='ltr'><strong>opus</strong></span> <span class='ocrx_word' id='word_1_49' title='bbox 535 921 717 1012; x_wconf 75' lang='lat' dir='ltr'><strong>pericolum</strong></span> <span class='ocrx_word' id='word_1_50' title='bbox 740 947 805 990; x_wconf 77' lang='lat' dir='ltr'><strong>esne</strong></span> <span class='ocrx_word' id='word_1_51' title='bbox 817 973 826 1006; x_wconf 94' lang='lat'><strong>,</strong></span> <span class='ocrx_word' id='word_1_52' title='bbox 848 937 880 990; x_wconf 88' lang='lat' dir='ltr'><strong>et</strong></span> <span class='ocrx_word' id='word_1_53' title='bbox 899 948 968 991; x_wconf 89' lang='lat' dir='ltr'><strong>non</strong></span> <span class='ocrx_word' id='word_1_54' title='bbox 991 927 1097 1015; x_wconf 84' lang='lat' dir='ltr'><strong>potius</strong></span> <span class='ocrx_word' id='word_1_55' title='bbox 1116 949 1136 992; x_wconf 89' lang='lat' dir='ltr'><strong>a</strong></span> <span class='ocrx_word' id='word_1_56' title='bbox 1158 925 1248 1006; x_wconf 79' lang='lat' dir='ltr'><strong>lulio</strong></span> 
     </span>
     <span class='ocr_line' id='line_1_8' title="bbox 221 1011 1247 1106; baseline -0.004 -23"><span class='ocrx_word' id='word_1_57' title='bbox 221 1019 366 1096; x_wconf 59' lang='lat' dir='ltr'><strong>(meare,</strong></span> <span class='ocrx_word' id='word_1_58' title='bbox 380 1015 459 1102; x_wconf 89' lang='lat' dir='ltr'><strong>qui,</strong></span> <span class='ocrx_word' id='word_1_59' title='bbox 476 1036 581 1100; x_wconf 87' lang='lat' dir='ltr'><strong>quum</strong></span> <span class='ocrx_word' id='word_1_60' title='bbox 593 1011 693 1100; x_wconf 86' lang='lat' dir='ltr'><strong>fuerit</strong></span> <span class='ocrx_word' id='word_1_61' title='bbox 714 1015 765 1080; x_wconf 87' lang='lat' dir='ltr'><strong>vir</strong></span> <span class='ocrx_word' id='word_1_62' title='bbox 782 1014 874 1080; x_wconf 86' lang='lat' dir='ltr'><strong>omui</strong></span> <span class='ocrx_word' id='word_1_63' title='bbox 886 1013 1034 1080; x_wconf 81' lang='lat' dir='ltr'><strong>doctrina</strong></span> <span class='ocrx_word' id='word_1_64' title='bbox 1048 1015 1247 1106; x_wconf 76' lang='lat' dir='ltr'>perpolitus,</span> 
     </span>
     <span class='ocr_line' id='line_1_9' title="bbox 220 1103 1247 1193; baseline -0.004 -21"><span class='ocrx_word' id='word_1_65' title='bbox 220 1105 400 1193; x_wconf 80' lang='lat' dir='ltr'><strong>elegantius</strong></span> <span class='ocrx_word' id='word_1_66' title='bbox 413 1103 491 1170; x_wconf 84' lang='lat' dir='ltr'><strong>dare</strong></span> <span class='ocrx_word' id='word_1_67' title='bbox 503 1103 658 1192; x_wconf 67' lang='lat' dir='ltr'><strong>potuine</strong></span> <span class='ocrx_word' id='word_1_68' title='bbox 672 1125 794 1192; x_wconf 70' lang='lat' dir='ltr'><strong>corpur</strong></span> <span class='ocrx_word' id='word_1_69' title='bbox 809 1103 827 1168; x_wconf 88' lang='lat' dir='ltr'>J</span> <span class='ocrx_word' id='word_1_70' title='bbox 831 1103 896 1170; x_wconf 83' lang='lat' dir='ltr'><strong>uris</strong></span> <span class='ocrx_word' id='word_1_71' title='bbox 911 1127 1013 1191; x_wconf 87' lang='lat' dir='ltr'><strong>quam</strong></span> <span class='ocrx_word' id='word_1_72' title='bbox 1026 1105 1247 1184; x_wconf 77' lang='lat' dir='ltr'><strong>iustinianue,</strong></span> 
     </span>
     <span class='ocr_line' id='line_1_10' title="bbox 221 1192 1249 1281; baseline -0.002 -21"><span class='ocrx_word' id='word_1_73' title='bbox 221 1196 332 1260; x_wconf 79' lang='lat' dir='ltr'><strong>saeculi</strong></span> <span class='ocrx_word' id='word_1_74' title='bbox 345 1193 427 1259; x_wconf 84' lang='lat' dir='ltr'><strong>sexti</strong></span> <span class='ocrx_word' id='word_1_75' title='bbox 449 1192 616 1281; x_wconf 83' lang='lat' dir='ltr'><strong>princepe,</strong></span> <span class='ocrx_word' id='word_1_76' title='bbox 635 1192 729 1273; x_wconf 84' lang='lat' dir='ltr'><strong>cujus</strong></span> <span class='ocrx_word' id='word_1_77' title='bbox 747 1203 840 1258; x_wconf 84' lang='lat' dir='ltr'><strong>aetate</strong></span> <span class='ocrx_word' id='word_1_78' title='bbox 853 1192 922 1279; x_wconf 86' lang='lat' dir='ltr'><strong>jam</strong></span> <span class='ocrx_word' id='word_1_79' title='bbox 941 1193 1102 1260; x_wconf 83' lang='lat' dir='ltr'><strong>barbaries</strong></span> <span class='ocrx_word' id='word_1_80' title='bbox 1114 1194 1249 1259; x_wconf 86' lang='lat' dir='ltr'><strong>incum-</strong></span> 
     </span>
     <span class='ocr_line' id='line_1_11' title="bbox 222 1280 1249 1370; baseline -0.004 -20"><span class='ocrx_word' id='word_1_81' title='bbox 222 1283 299 1356; x_wconf 87' lang='lat' dir='ltr'><strong>bere</strong></span> <span class='ocrx_word' id='word_1_82' title='bbox 317 1283 389 1350; x_wconf 89' lang='lat' dir='ltr'><strong>orbi</strong></span> <span class='ocrx_word' id='word_1_83' title='bbox 408 1281 562 1352; x_wconf 85' lang='lat' dir='ltr'><strong>Romano</strong></span> <span class='ocrx_word' id='word_1_84' title='bbox 580 1280 727 1370; x_wconf 88' lang='lat' dir='ltr'><strong>coeperit.</strong></span> <span class='ocrx_word' id='word_1_85' title='bbox 754 1281 851 1346; x_wconf 84' lang='lat' dir='ltr'>Unde</span> <span class='ocrx_word' id='word_1_86' title='bbox 868 1285 1001 1368; x_wconf 79' lang='lat' dir='ltr'><strong>quaeetio</strong></span> <span class='ocrx_word' id='word_1_87' title='bbox 1023 1283 1186 1364; x_wconf 82' lang='lat' dir='ltr'><strong>nascitur,</strong></span> <span class='ocrx_word' id='word_1_88' title='bbox 1203 1305 1249 1347; x_wconf 80' lang='lat' dir='ltr'><strong>un</strong></span> 
     </span>
     <span class='ocr_line' id='line_1_12' title="bbox 222 1370 1250 1461; baseline -0.002 -23"><span class='ocrx_word' id='word_1_89' title='bbox 222 1375 339 1440; x_wconf 83' lang='lat' dir='ltr'><strong>melius</strong></span> <span class='ocrx_word' id='word_1_90' title='bbox 357 1373 397 1436; x_wconf 93' lang='lat' dir='ltr'><strong>de</strong></span> <span class='ocrx_word' id='word_1_91' title='bbox 416 1370 673 1459; x_wconf 83' lang='lat' dir='ltr'><strong>lurisprudentia</strong></span> <span class='ocrx_word' id='word_1_92' title='bbox 694 1381 803 1435; x_wconf 87' lang='lat' dir='ltr'><strong>nostra</strong></span> <span class='ocrx_word' id='word_1_93' title='bbox 823 1372 942 1437; x_wconf 87' lang='lat' dir='ltr'><strong>mereri</strong></span> <span class='ocrx_word' id='word_1_94' title='bbox 965 1373 1120 1461; x_wconf 76' lang='lat' dir='ltr'><strong>potuisset</strong></span> <span class='ocrx_word' id='word_1_95' title='bbox 1140 1373 1250 1438; x_wconf 67' lang='lat' dir='ltr'><strong>Cancer</strong></span> 
     </span>
     <span class='ocr_line' id='line_1_13' title="bbox 221 1457 1251 1550; baseline 0.001 -23"><span class='ocrx_word' id='word_1_96' title='bbox 221 1485 324 1550; x_wconf 86' lang='lat' dir='ltr'><strong>quam</strong></span> <span class='ocrx_word' id='word_1_97' title='bbox 345 1460 572 1527; x_wconf 73' lang='lat' dir='ltr'><strong>luscinianusl</strong></span> <span class='ocrx_word' id='word_1_98' title='bbox 593 1461 634 1524; x_wconf 85' lang='lat' dir='ltr'><strong>Et</strong></span> <span class='ocrx_word' id='word_1_99' title='bbox 650 1457 745 1524; x_wconf 84' lang='lat' dir='ltr'><strong>facile</strong></span> <span class='ocrx_word' id='word_1_100' title='bbox 764 1459 897 1546; x_wconf 89' lang='lat' dir='ltr'><strong>quidem</strong></span> <span class='ocrx_word' id='word_1_101' title='bbox 913 1458 1075 1542; x_wconf 87' lang='lat' dir='ltr'><strong>fatemur,</strong></span> <span class='ocrx_word' id='word_1_102' title='bbox 1094 1461 1119 1528; x_wconf 88' lang='lat' dir='ltr'><strong>si</strong></span> <span class='ocrx_word' id='word_1_103' title='bbox 1140 1463 1251 1528; x_wconf 80' lang='lat' dir='ltr'><strong>Caesur</strong></span> 
     </span>
     <span class='ocr_line' id='line_1_14' title="bbox 221 1548 1251 1640; baseline -0.001 -23"><span class='ocrx_word' id='word_1_104' title='bbox 221 1551 309 1618; x_wconf 77' lang='lat' dir='ltr'><strong>istud</strong></span> <span class='ocrx_word' id='word_1_105' title='bbox 328 1574 409 1640; x_wconf 81' lang='lat' dir='ltr'><strong>opus</strong></span> <span class='ocrx_word' id='word_1_106' title='bbox 427 1549 651 1638; x_wconf 80' lang='lat' dir='ltr'><strong>compilasset,</strong></span> <span class='ocrx_word' id='word_1_107' title='bbox 670 1548 751 1613; x_wconf 89' lang='lat' dir='ltr'><strong>illud</strong></span> <span class='ocrx_word' id='word_1_108' title='bbox 767 1554 802 1614; x_wconf 82' lang='lat' dir='ltr'><strong>et</strong></span> <span class='ocrx_word' id='word_1_109' title='bbox 815 1549 991 1636; x_wconf 76' lang='lat' dir='ltr'><strong>elegantius</strong></span> <span class='ocrx_word' id='word_1_110' title='bbox 1006 1563 1039 1616; x_wconf 80' lang='lat' dir='ltr'><strong>et</strong></span> <span class='ocrx_word' id='word_1_111' title='bbox 1056 1551 1251 1618; x_wconf 76' lang='lat' dir='ltr'><strong>concinnius</strong></span> 
     </span>
     <span class='ocr_line' id='line_1_15' title="bbox 222 1637 1253 1714; baseline -0.002 -7"><span class='ocrx_word' id='word_1_112' title='bbox 222 1654 257 1708; x_wconf 82' lang='lat' dir='ltr'><strong>ct</strong></span> <span class='ocrx_word' id='word_1_113' title='bbox 274 1642 399 1706; x_wconf 83' lang='lat' dir='ltr'><strong>doctius</strong></span> <span class='ocrx_word' id='word_1_114' title='bbox 412 1637 505 1704; x_wconf 79' lang='lat' dir='ltr'><strong>fuisse</strong></span> <span class='ocrx_word' id='word_1_115' title='bbox 523 1637 694 1714; x_wconf 83' lang='lat' dir='ltr'><strong>futurum,</strong></span> <span class='ocrx_word' id='word_1_116' title='bbox 715 1638 856 1704; x_wconf 87' lang='lat' dir='ltr'><strong>sednon</strong></span> <span class='ocrx_word' id='word_1_117' title='bbox 872 1661 948 1706; x_wconf 85' lang='lat' dir='ltr'><strong>sane</strong></span> <span class='ocrx_word' id='word_1_118' title='bbox 960 1638 1069 1706; x_wconf 70' lang='lat' dir='ltr'><strong>finisset</strong></span> <span class='ocrx_word' id='word_1_119' title='bbox 1088 1640 1197 1706; x_wconf 81' lang='lat' dir='ltr'><strong>utilius</strong></span> <span class='ocrx_word' id='word_1_120' title='bbox 1216 1651 1253 1706; x_wconf 86' lang='lat' dir='ltr'><strong>et</strong></span> 
     </span>
     <span class='ocr_line' id='line_1_16' title="bbox 219 1725 1253 1820; baseline -0.002 -22"><span class='ocrx_word' id='word_1_121' title='bbox 219 1725 299 1798; x_wconf 81' lang='lat' dir='ltr'><strong>foris</strong></span> <span class='ocrx_word' id='word_1_122' title='bbox 313 1729 429 1797; x_wconf 88' lang='lat' dir='ltr'><strong>nostris</strong></span> <span class='ocrx_word' id='word_1_123' title='bbox 442 1725 728 1793; x_wconf 85' lang='lat' dir='ltr'><strong>accommodatius.</strong></span> <span class='ocrx_word' id='word_1_124' title='bbox 748 1728 855 1809; x_wconf 89' lang='lat' dir='ltr'><strong>Nam,</strong></span> <span class='ocrx_word' id='word_1_125' title='bbox 872 1730 925 1796; x_wconf 63' lang='lat'><strong>⁴1⁰.</strong></span> <span class='ocrx_word' id='word_1_126' title='bbox 948 1729 1029 1796; x_wconf 90' lang='lat' dir='ltr'><strong>illud</strong></span> <span class='ocrx_word' id='word_1_127' title='bbox 1048 1749 1167 1820; x_wconf 83' lang='lat' dir='ltr'><strong>corpus</strong></span> <span class='ocrx_word' id='word_1_128' title='bbox 1181 1751 1253 1796; x_wconf 89' lang='lat' dir='ltr'><strong>nou</strong></span> 
     </span>
     <span class='ocr_line' id='line_1_17' title="bbox 221 1811 1253 1910; baseline -0.003 -23"><span class='ocrx_word' id='word_1_129' title='bbox 221 1811 285 1910; x_wconf 75' lang='lat' dir='ltr'><strong>nisi</strong></span> <span class='ocrx_word' id='word_1_130' title='bbox 307 1822 366 1885; x_wconf 86' lang='lat' dir='ltr'><strong>lus</strong></span> <span class='ocrx_word' id='word_1_131' title='bbox 387 1819 493 1885; x_wconf 87' lang='lat' dir='ltr'><strong>Vetus</strong></span> <span class='ocrx_word' id='word_1_132' title='bbox 513 1817 687 1906; x_wconf 82' lang='lat' dir='ltr'>complecti</span> <span class='ocrx_word' id='word_1_133' title='bbox 706 1817 879 1907; x_wconf 82' lang='lat' dir='ltr'><strong>potuisset,</strong></span> <span class='ocrx_word' id='word_1_134' title='bbox 901 1841 1006 1906; x_wconf 89' lang='lat' dir='ltr'><strong>quum</strong></span> <span class='ocrx_word' id='word_1_135' title='bbox 1032 1817 1192 1900; x_wconf 88' lang='lat' dir='ltr'><strong>Novum,</strong></span> <span class='ocrx_word' id='word_1_136' title='bbox 1218 1830 1253 1884; x_wconf 84' lang='lat' dir='ltr'><strong>et</strong></span> 
     </span>
     <span class='ocr_line' id='line_1_18' title="bbox 223 1907 1253 1998; baseline 0.002 -23"><span class='ocrx_word' id='word_1_137' title='bbox 223 1911 312 1998; x_wconf 89' lang='lat' dir='ltr'><strong>quod</strong></span> <span class='ocrx_word' id='word_1_138' title='bbox 329 1909 426 1974; x_wconf 89' lang='lat' dir='ltr'><strong>hodie</strong></span> <span class='ocrx_word' id='word_1_139' title='bbox 442 1907 478 1971; x_wconf 92' lang='lat' dir='ltr'><strong>in</strong></span> <span class='ocrx_word' id='word_1_140' title='bbox 500 1907 580 1995; x_wconf 70' lang='lat' dir='ltr'><strong>ipsiu</strong></span> <span class='ocrx_word' id='word_1_141' title='bbox 594 1929 706 1972; x_wconf 87' lang='lat' dir='ltr'><strong>rerum</strong></span> <span class='ocrx_word' id='word_1_142' title='bbox 728 1907 852 1972; x_wconf 87' lang='lat' dir='ltr'><strong>obtinet</strong></span> <span class='ocrx_word' id='word_1_143' title='bbox 875 1907 1095 1994; x_wconf 75' lang='lat' dir='ltr'><strong>argumentis,</strong></span> <span class='ocrx_word' id='word_1_144' title='bbox 1114 1909 1253 1977; x_wconf 88' lang='lat' dir='ltr'><strong>demum</strong></span> 
     </span>
     <span class='ocr_line' id='line_1_19' title="bbox 223 1993 1253 2091; baseline -0.002 -27"><span class='ocrx_word' id='word_1_145' title='bbox 223 2011 298 2091; x_wconf 86' lang='lat' dir='ltr'><strong>post</strong></span> <span class='ocrx_word' id='word_1_146' title='bbox 310 2001 376 2064; x_wconf 88' lang='lat' dir='ltr'><strong>lul.</strong></span> <span class='ocrx_word' id='word_1_147' title='bbox 391 1997 551 2062; x_wconf 69' lang='lat' dir='ltr'><strong>Caesarem</strong></span> <span class='ocrx_word' id='word_1_148' title='bbox 562 1993 739 2060; x_wconf 82' lang='lat' dir='ltr'><strong>accesserit.</strong></span> <span class='ocrx_word' id='word_1_149' title='bbox 753 2004 796 2061; x_wconf 73' lang='lat'><strong>⁴1⁰·</strong></span> <span class='ocrx_word' id='word_1_150' title='bbox 809 1997 906 2062; x_wconf 82' lang='lat' dir='ltr'><strong>Tunc</strong></span> <span class='ocrx_word' id='word_1_151' title='bbox 918 1997 1128 2064; x_wconf 78' lang='lat' dir='ltr'><strong>caruissemus</strong></span> <span class='ocrx_word' id='word_1_152' title='bbox 1140 1997 1253 2062; x_wconf 81' lang='lat' dir='ltr'><strong>maxi-</strong></span> 
     </span>
     <span class='ocr_line' id='line_1_20' title="bbox 222 2083 1253 2175; baseline -0.002 -21"><span class='ocrx_word' id='word_1_153' title='bbox 222 2099 359 2154; x_wconf 84' lang='lat' dir='ltr'><strong>morum</strong></span> <span class='ocrx_word' id='word_1_154' title='bbox 374 2085 685 2158; x_wconf 77' lang='lat' dir='ltr'><strong>iurisconsultorum</strong></span> <span class='ocrx_word' id='word_1_155' title='bbox 701 2083 844 2173; x_wconf 85' lang='lat' dir='ltr'><strong>s&#39;oriptis,</strong></span> <span class='ocrx_word' id='word_1_156' title='bbox 869 2097 948 2174; x_wconf 86' lang='lat' dir='ltr'><strong>puta</strong></span> <span class='ocrx_word' id='word_1_157' title='bbox 972 2086 1165 2175; x_wconf 81' lang='lat' dir='ltr'><strong>Papiniani,</strong></span> <span class='ocrx_word' id='word_1_158' title='bbox 1188 2088 1253 2152; x_wconf 88' lang='lat' dir='ltr'><strong>Ju-</strong></span> 
     </span>
     <span class='ocr_line' id='line_1_21' title="bbox 223 2171 1252 2265; baseline -0.002 -21"><span class='ocrx_word' id='word_1_159' title='bbox 223 2179 324 2256; x_wconf 88' lang='lat' dir='ltr'><strong>liani,</strong></span> <span class='ocrx_word' id='word_1_160' title='bbox 344 2175 469 2255; x_wconf 81' lang='lat' dir='ltr'><strong>Paulli,</strong></span> <span class='ocrx_word' id='word_1_161' title='bbox 488 2171 642 2262; x_wconf 83' lang='lat' dir='ltr'><strong>Ulpiani,</strong></span> <span class='ocrx_word' id='word_1_162' title='bbox 658 2184 720 2238; x_wconf 84' lang='lat' dir='ltr'><strong>etc.</strong></span> <span class='ocrx_word' id='word_1_163' title='bbox 737 2173 793 2260; x_wconf 90' lang='lat' dir='ltr'><strong>qui</strong></span> <span class='ocrx_word' id='word_1_164' title='bbox 810 2196 922 2240; x_wconf 85' lang='lat' dir='ltr'><strong>omnes</strong></span> <span class='ocrx_word' id='word_1_165' title='bbox 935 2171 1068 2240; x_wconf 88' lang='lat' dir='ltr'><strong>demum</strong></span> <span class='ocrx_word' id='word_1_166' title='bbox 1088 2186 1162 2265; x_wconf 82' lang='lat' dir='ltr'><strong>post</strong></span> <span class='ocrx_word' id='word_1_167' title='bbox 1181 2176 1252 2242; x_wconf 81' lang='lat' dir='ltr'><strong>tul.</strong></span> 
     </span>
     <span class='ocr_line' id='line_1_22' title="bbox 223 2259 1256 2354; baseline -0.003 -21"><span class='ocrx_word' id='word_1_168' title='bbox 223 2267 385 2332; x_wconf 77' lang='lat' dir='ltr'><strong>Caesarem</strong></span> <span class='ocrx_word' id='word_1_169' title='bbox 404 2263 558 2328; x_wconf 80' lang='lat' dir='ltr'><strong>vixerunt</strong></span> <span class='ocrx_word' id='word_1_170' title='bbox 571 2273 603 2326; x_wconf 86' lang='lat' dir='ltr'><strong>et</strong></span> <span class='ocrx_word' id='word_1_171' title='bbox 613 2259 903 2351; x_wconf 86' lang='lat' dir='ltr'><strong>jurisprudentiam</strong></span> <span class='ocrx_word' id='word_1_172' title='bbox 921 2265 968 2350; x_wconf 75' lang='lat' dir='ltr'><strong>acl</strong></span> <span class='ocrx_word' id='word_1_173' title='bbox 984 2287 1152 2330; x_wconf 87' lang='lat' dir='ltr'><strong>summum</strong></span> <span class='ocrx_word' id='word_1_174' title='bbox 1173 2287 1256 2354; x_wconf 87' lang='lat' dir='ltr'><strong>per-</strong></span> 
     </span>
     <span class='ocr_line' id='line_1_23' title="bbox 223 2349 1254 2442; baseline -0.002 -20"><span class='ocrx_word' id='word_1_175' title='bbox 223 2355 373 2422; x_wconf 84' lang='lat' dir='ltr'><strong>fectionis</strong></span> <span class='ocrx_word' id='word_1_176' title='bbox 387 2353 526 2440; x_wconf 80' lang='lat' dir='ltr'><strong>gradum</strong></span> <span class='ocrx_word' id='word_1_177' title='bbox 544 2363 735 2418; x_wconf 84' lang='lat' dir='ltr'><strong>evexerunt.</strong></span> <span class='ocrx_word' id='word_1_178' title='bbox 756 2351 846 2416; x_wconf 92' lang='lat' dir='ltr'><strong>Hinc</strong></span> <span class='ocrx_word' id='word_1_179' title='bbox 865 2349 972 2442; x_wconf 87' lang='lat' dir='ltr'><strong>potius</strong></span> <span class='ocrx_word' id='word_1_180' title='bbox 990 2353 1103 2419; x_wconf 81' lang='lat' dir='ltr'><strong>divino</strong></span> <span class='ocrx_word' id='word_1_181' title='bbox 1121 2353 1254 2420; x_wconf 88' lang='lat' dir='ltr'><strong>numiui</strong></span> 
     </span>
     <span class='ocr_line' id='line_1_24' title="bbox 224 2440 1253 2534; baseline -0.002 -24"><span class='ocrx_word' id='word_1_182' title='bbox 224 2456 397 2534; x_wconf 86' lang='lat' dir='ltr'><strong>acceptum</strong></span> <span class='ocrx_word' id='word_1_183' title='bbox 412 2440 546 2506; x_wconf 82' lang='lat' dir='ltr'><strong>serimus</strong></span> <span class='ocrx_word' id='word_1_184' title='bbox 558 2489 567 2521; x_wconf 92' lang='lat'><strong>,</strong></span> <span class='ocrx_word' id='word_1_185' title='bbox 579 2441 666 2527; x_wconf 88' lang='lat' dir='ltr'><strong>quod</strong></span> <span class='ocrx_word' id='word_1_186' title='bbox 676 2441 811 2506; x_wconf 89' lang='lat' dir='ltr'><strong>demum</strong></span> <span class='ocrx_word' id='word_1_187' title='bbox 825 2463 897 2506; x_wconf 63' lang='lat' dir='ltr'><strong>coeci.</strong></span> <span class='ocrx_word' id='word_1_188' title='bbox 916 2440 991 2522; x_wconf 92' lang='lat' dir='ltr'><strong>Vl,</strong></span> <span class='ocrx_word' id='word_1_189' title='bbox 1014 2455 1045 2508; x_wconf 91' lang='lat' dir='ltr'><strong>et</strong></span> <span class='ocrx_word' id='word_1_190' title='bbox 1069 2456 1253 2510; x_wconf 81' lang='lat' dir='ltr'><strong>senescente</strong></span> 
     </span>
     <span class='ocr_line' id='line_1_25' title="bbox 202 2529 1253 2627; baseline -0.004 -25"><span class='ocrx_word' id='word_1_191' title='bbox 202 2537 293 2625; x_wconf 60' lang='lat' dir='ltr'><strong>„jum</strong></span> <span class='ocrx_word' id='word_1_192' title='bbox 313 2532 453 2621; x_wconf 84' lang='lat' dir='ltr'><strong>imperio</strong></span> <span class='ocrx_word' id='word_1_193' title='bbox 479 2529 632 2595; x_wconf 85' lang='lat' dir='ltr'><strong>Romano</strong></span> <span class='ocrx_word' id='word_1_194' title='bbox 657 2529 865 2620; x_wconf 85' lang='lat' dir='ltr'><strong>compilando</strong></span> <span class='ocrx_word' id='word_1_195' title='bbox 889 2529 966 2596; x_wconf 90' lang='lat' dir='ltr'><strong>huic</strong></span> <span class='ocrx_word' id='word_1_196' title='bbox 987 2533 1077 2627; x_wconf 87' lang='lat' dir='ltr'><strong>operi</strong></span> <span class='ocrx_word' id='word_1_197' title='bbox 1099 2531 1253 2598; x_wconf 90' lang='lat' dir='ltr'><strong>animum</strong></span> 
     </span>
     <span class='ocr_line' id='line_1_26' title="bbox 224 2619 1345 2712; baseline -0.003 -22"><span class='ocrx_word' id='word_1_198' title='bbox 224 2623 353 2712; x_wconf 79' lang='lat' dir='ltr'><strong>adpulit</strong></span> <span class='ocrx_word' id='word_1_199' title='bbox 368 2619 591 2704; x_wconf 74' lang='lat' dir='ltr'><strong>lastinianus:</strong></span> <span class='ocrx_word' id='word_1_200' title='bbox 612 2619 656 2684; x_wconf 87' lang='lat' dir='ltr'><strong>sic</strong></span> <span class='ocrx_word' id='word_1_201' title='bbox 678 2619 767 2684; x_wconf 84' lang='lat' dir='ltr'><strong>enim</strong></span> <span class='ocrx_word' id='word_1_202' title='bbox 785 2631 818 2684; x_wconf 87' lang='lat' dir='ltr'><strong>et</strong></span> <span class='ocrx_word' id='word_1_203' title='bbox 834 2619 997 2686; x_wconf 86' lang='lat' dir='ltr'><strong>novissimi</strong></span> <span class='ocrx_word' id='word_1_204' title='bbox 1014 2622 1096 2708; x_wconf 74' lang='lat' dir='ltr'><strong>jurio</strong></span> <span class='ocrx_word' id='word_1_205' title='bbox 1119 2622 1254 2688; x_wconf 76' lang='lat' dir='ltr'><strong>thecau—</strong></span> <span class='ocrx_word' id='word_1_206' title='bbox 1292 2649 1295 2652; x_wconf 94' lang='lat'>·</span> <span class='ocrx_word' id='word_1_207' title='bbox 1344 2685 1345 2704; x_wconf 52' lang='grc'>,</span> 
     </span>
     <span class='ocr_line' id='line_1_27' title="bbox 222 2708 1344 2800; baseline 0.001 -19"><span class='ocrx_word' id='word_1_208' title='bbox 222 2733 302 2782; x_wconf 82' lang='lat' dir='ltr'><strong>rum</strong></span> <span class='ocrx_word' id='word_1_209' title='bbox 321 2711 524 2800; x_wconf 86' lang='lat' dir='ltr'><strong>accepimus,</strong></span> <span class='ocrx_word' id='word_1_210' title='bbox 543 2721 575 2774; x_wconf 89' lang='lat' dir='ltr'><strong>et</strong></span> <span class='ocrx_word' id='word_1_211' title='bbox 589 2708 978 2776; x_wconf 81' lang='lat' dir='ltr'><strong>consummatissimorum</strong></span> <span class='ocrx_word' id='word_1_212' title='bbox 996 2711 1253 2778; x_wconf 78' lang='lat' dir='ltr'><strong>iurisconsulto-</strong></span> <span class='ocrx_word' id='word_1_213' title='bbox 1343 2779 1344 2782; x_wconf 74' lang='grc'>,</span> 
     </span>
     <span class='ocr_line' id='line_1_28' title="bbox 222 2797 1255 2887; baseline -0.001 -18"><span class='ocrx_word' id='word_1_214' title='bbox 222 2823 302 2871; x_wconf 87' lang='lat' dir='ltr'><strong>rum</strong></span> <span class='ocrx_word' id='word_1_215' title='bbox 317 2801 496 2887; x_wconf 74' lang='lat' dir='ltr'><strong>fragmento</strong></span> <span class='ocrx_word' id='word_1_216' title='bbox 512 2797 686 2878; x_wconf 70' lang='lat' dir='ltr'><strong>habemur,</strong></span> <span class='ocrx_word' id='word_1_217' title='bbox 701 2798 904 2885; x_wconf 84' lang='lat' dir='ltr'><strong>adeoquejns</strong></span> <span class='ocrx_word' id='word_1_218' title='bbox 917 2807 1094 2864; x_wconf 74' lang='lat' dir='ltr'><strong>tractamus</strong></span> <span class='ocrx_word' id='word_1_219' title='bbox 1107 2799 1142 2864; x_wconf 91' lang='lat' dir='ltr'><strong>iu</strong></span> <span class='ocrx_word' id='word_1_220' title='bbox 1154 2801 1255 2876; x_wconf 84' lang='lat' dir='ltr'><strong>scho-</strong></span> 
     </span>
     <span class='ocr_line' id='line_1_29' title="bbox 223 2885 1161 2978; baseline -0.006 -19"><span class='ocrx_word' id='word_1_221' title='bbox 223 2893 282 2974; x_wconf 88' lang='lat' dir='ltr'><strong>lis,</strong></span> <span class='ocrx_word' id='word_1_222' title='bbox 297 2892 390 2976; x_wconf 86' lang='lat' dir='ltr'><strong>cujus</strong></span> <span class='ocrx_word' id='word_1_223' title='bbox 406 2889 551 2978; x_wconf 73' lang='lat' dir='ltr'><strong>usumin</strong></span> <span class='ocrx_word' id='word_1_224' title='bbox 565 2885 637 2952; x_wconf 82' lang='lat' dir='ltr'><strong>foro</strong></span> <span class='ocrx_word' id='word_1_225' title='bbox 651 2886 946 2974; x_wconf 72' lang='lat' dir='ltr'><strong>frequentissimum</strong></span> <span class='ocrx_word' id='word_1_226' title='bbox 960 2889 1161 2978; x_wconf 85' lang='lat' dir='ltr'><strong>experimur.</strong></span> 
     </span>
    </p>
   </div>
   <div class='ocr_carea' id='block_1_2' title="bbox 207 2991 1341 3354">
    <p class='ocr_par' dir='ltr' id='par_1_3' title="bbox 207 2991 1341 3354">
     <span class='ocr_line' id='line_1_30' title="bbox 207 2991 1341 3093; baseline 0 -25"><span class='ocrx_word' id='word_1_227' title='bbox 207 3037 210 3044; x_wconf 65' lang='lat'>=</span> <span class='ocrx_word' id='word_1_228' title='bbox 241 3019 248 3032; x_wconf 85' lang='lat'><em>‘</em></span> <span class='ocrx_word' id='word_1_229' title='bbox 270 2999 448 3093; x_wconf 85' lang='lat' dir='ltr'><strong>(Opposita</strong></span> <span class='ocrx_word' id='word_1_230' title='bbox 469 2997 538 3062; x_wconf 85' lang='lat' dir='ltr'><strong>haec</strong></span> <span class='ocrx_word' id='word_1_231' title='bbox 560 3008 636 3062; x_wconf 82' lang='lat' dir='ltr'><strong>sunt</strong></span> <span class='ocrx_word' id='word_1_232' title='bbox 655 2991 859 3074; x_wconf 82' lang='lat' dir='ltr'><strong>Hotomanni</strong></span> <span class='ocrx_word' id='word_1_233' title='bbox 884 2997 1192 3082; x_wconf 79' lang='lat' dir='ltr'><strong>Antitriboniouo,</strong></span> <span class='ocrx_word' id='word_1_234' title='bbox 1222 3003 1257 3080; x_wconf 77' lang='lat' dir='ltr'><strong>ct</strong></span> <span class='ocrx_word' id='word_1_235' title='bbox 1340 3065 1341 3079; x_wconf 64' lang='grc'>,</span> 
     </span>
     <span class='ocr_line' id='line_1_31' title="bbox 320 3083 1340 3174; baseline 0 -18"><span class='ocrx_word' id='word_1_236' title='bbox 320 3089 420 3156; x_wconf 87' lang='lat' dir='ltr'><strong>celeb.</strong></span> <span class='ocrx_word' id='word_1_237' title='bbox 437 3086 605 3153; x_wconf 78' lang='lat' dir='ltr'><strong>Tliomasii</strong></span> <span class='ocrx_word' id='word_1_238' title='bbox 619 3083 745 3150; x_wconf 81' lang='lat' dir='ltr'><strong>Noevie</strong></span> <span class='ocrx_word' id='word_1_239' title='bbox 759 3085 787 3150; x_wconf 88' lang='lat' dir='ltr'><strong><em>J</em></strong></span> <span class='ocrx_word' id='word_1_240' title='bbox 786 3085 1053 3174; x_wconf 75' lang='lat' dir='ltr'><strong>uricprudcntiae</strong></span> <span class='ocrx_word' id='word_1_241' title='bbox 1066 3088 1253 3156; x_wconf 72' lang='lat' dir='ltr'><strong>Ante-Jur-</strong></span> <span class='ocrx_word' id='word_1_242' title='bbox 1339 3151 1340 3171; x_wconf 58' lang='grc'>,</span> 
     </span>
     <span class='ocr_line' id='line_1_32' title="bbox 316 3174 1252 3266; baseline -0.001 -21"><span class='ocrx_word' id='word_1_243' title='bbox 316 3181 500 3254; x_wconf 80' lang='lat' dir='ltr'><strong>tinioneoe3</strong></span> <span class='ocrx_word' id='word_1_244' title='bbox 517 3175 573 3238; x_wconf 90' lang='lat' dir='ltr'><strong>ubi</strong></span> <span class='ocrx_word' id='word_1_245' title='bbox 593 3174 628 3242; x_wconf 88' lang='lat' dir='ltr'><strong>hi</strong></span> <span class='ocrx_word' id='word_1_246' title='bbox 651 3185 798 3240; x_wconf 78' lang='lat' dir='ltr'><strong>auctores</strong></span> <span class='ocrx_word' id='word_1_247' title='bbox 820 3176 880 3242; x_wconf 83' lang='lat' dir='ltr'><strong>toti</strong></span> <span class='ocrx_word' id='word_1_248' title='bbox 898 3188 974 3241; x_wconf 84' lang='lat' dir='ltr'><strong>sunt</strong></span> <span class='ocrx_word' id='word_1_249' title='bbox 996 3176 1032 3242; x_wconf 94' lang='lat' dir='ltr'><strong>in</strong></span> <span class='ocrx_word' id='word_1_250' title='bbox 1054 3178 1252 3266; x_wconf 81' lang='lat' dir='ltr'><strong>exagitando</strong></span> 
     </span>
     <span class='ocr_line' id='line_1_33' title="bbox 316 3263 784 3354; baseline -0.015 -20"><span class='ocrx_word' id='word_1_251' title='bbox 316 3271 334 3335; x_wconf 86' lang='lat' dir='ltr'><strong>J</strong></span> <span class='ocrx_word' id='word_1_252' title='bbox 337 3268 498 3333; x_wconf 85' lang='lat' dir='ltr'><strong>ustiniano</strong></span> <span class='ocrx_word' id='word_1_253' title='bbox 512 3265 643 3352; x_wconf 79' lang='lat' dir='ltr'><strong>ejmque</strong></span> <span class='ocrx_word' id='word_1_254' title='bbox 657 3263 784 3354; x_wconf 81' lang='lat' dir='ltr'><strong>opere.)</strong></span> 
     </span>
    </p>
   </div>
   <div class='ocr_carea' id='block_1_3' title="bbox 223 3411 1255 3908">
    <p class='ocr_par' dir='ltr' id='par_1_4' title="bbox 223 3411 1255 3908">
     <span class='ocr_line' id='line_1_34' title="bbox 266 3411 1253 3498; baseline -0.001 -15"><span class='ocrx_word' id='word_1_255' title='bbox 266 3429 303 3484; x_wconf 84' lang='lat' dir='ltr'><strong>Iu</strong></span> <span class='ocrx_word' id='word_1_256' title='bbox 327 3422 430 3481; x_wconf 67' lang='lat' dir='ltr'><strong>nostri</strong></span> <span class='ocrx_word' id='word_1_257' title='bbox 451 3435 572 3497; x_wconf 86' lang='lat' dir='ltr'><strong>quoque</strong></span> <span class='ocrx_word' id='word_1_258' title='bbox 592 3411 706 3489; x_wconf 73' lang='lat' dir='ltr'><strong>Gallia,</strong></span> <span class='ocrx_word' id='word_1_259' title='bbox 726 3417 809 3494; x_wconf 72' lang='lat' dir='ltr'><strong>qnod</strong></span> <span class='ocrx_word' id='word_1_260' title='bbox 833 3419 952 3478; x_wconf 82' lang='lat' dir='ltr'><strong>maximi</strong></span> <span class='ocrx_word' id='word_1_261' title='bbox 974 3422 1108 3498; x_wconf 80' lang='lat' dir='ltr'><strong>plerique</strong></span> <span class='ocrx_word' id='word_1_262' title='bbox 1129 3423 1253 3482; x_wconf 74' lang='lat' dir='ltr'><strong>voluere</strong></span> 
     </span>
     <span class='ocr_line' id='line_1_35' title="bbox 225 3501 1253 3582; baseline 0 -20"><span class='ocrx_word' id='word_1_263' title='bbox 225 3507 303 3575; x_wconf 79' lang='lat' dir='ltr'><strong>viri,</strong></span> <span class='ocrx_word' id='word_1_264' title='bbox 318 3503 502 3570; x_wconf 89' lang='lat' dir='ltr'><strong>Dumonlin,</strong></span> <span class='ocrx_word' id='word_1_265' title='bbox 524 3502 697 3576; x_wconf 77' lang='lat' dir='ltr'><strong>L’Hopital,</strong></span> <span class='ocrx_word' id='word_1_266' title='bbox 721 3502 861 3569; x_wconf 83' lang='lat' dir='ltr'><strong>Colbert,</strong></span> <span class='ocrx_word' id='word_1_267' title='bbox 882 3501 1099 3582; x_wconf 74' lang='lat' dir='ltr'><strong>d’Aguesseau,</strong></span> <span class='ocrx_word' id='word_1_268' title='bbox 1121 3519 1176 3561; x_wconf 87' lang='lat' dir='ltr'><strong>etc.</strong></span> <span class='ocrx_word' id='word_1_269' title='bbox 1202 3507 1253 3563; x_wconf 85' lang='lat' dir='ltr'><strong>sed</strong></span> 
     </span>
     <span class='ocr_line' id='line_1_36' title="bbox 224 3583 1255 3662; baseline -0.005 -14"><span class='ocrx_word' id='word_1_270' title='bbox 224 3589 337 3652; x_wconf 75' lang='lat' dir='ltr'><strong>fructui</strong></span> <span class='ocrx_word' id='word_1_271' title='bbox 357 3586 527 3654; x_wconf 74' lang='lat' dir='ltr'><strong>tentavere,</strong></span> <span class='ocrx_word' id='word_1_272' title='bbox 545 3602 645 3640; x_wconf 81' lang='lat' dir='ltr'><strong>omnes</strong></span> <span class='ocrx_word' id='word_1_273' title='bbox 662 3585 740 3660; x_wconf 82' lang='lat' dir='ltr'><strong>leges</strong></span> <span class='ocrx_word' id='word_1_274' title='bbox 756 3595 873 3640; x_wconf 71' lang='lat' dir='ltr'><strong>nostras</strong></span> <span class='ocrx_word' id='word_1_275' title='bbox 886 3583 918 3640; x_wconf 91' lang='lat' dir='ltr'><strong>in</strong></span> <span class='ocrx_word' id='word_1_276' title='bbox 933 3603 1031 3641; x_wconf 54' lang='lat' dir='ltr'><strong>‘unum</strong></span> <span class='ocrx_word' id='word_1_277' title='bbox 1045 3586 1176 3662; x_wconf 82' lang='lat' dir='ltr'><strong>digerere</strong></span> <span class='ocrx_word' id='word_1_278' title='bbox 1194 3589 1255 3643; x_wconf 85' lang='lat' dir='ltr'><strong>Co·</strong></span> 
     </span>
     <span class='ocr_line' id='line_1_37' title="bbox 224 3665 1252 3742; baseline -0.009 -11"><span class='ocrx_word' id='word_1_279' title='bbox 224 3675 339 3742; x_wconf 76' lang='lat' dir='ltr'><strong>dicem,</strong></span> <span class='ocrx_word' id='word_1_280' title='bbox 364 3668 413 3737; x_wconf 90' lang='lat' dir='ltr'><strong>id,</strong></span> <span class='ocrx_word' id='word_1_281' title='bbox 433 3667 514 3723; x_wconf 89' lang='lat' dir='ltr'><strong>solus</strong></span> <span class='ocrx_word' id='word_1_282' title='bbox 537 3665 757 3732; x_wconf 68' lang='lat' dir='ltr'><strong>interemtos,</strong></span> <span class='ocrx_word' id='word_1_283' title='bbox 777 3666 910 3739; x_wconf 87' lang='lat' dir='ltr'><strong>Napoleo</strong></span> <span class='ocrx_word' id='word_1_284' title='bbox 929 3679 1079 3724; x_wconf 73' lang='lat' dir='ltr'><strong>assecutus</strong></span> <span class='ocrx_word' id='word_1_285' title='bbox 1101 3678 1164 3737; x_wconf 82' lang='lat' dir='ltr'><strong>ast3</strong></span> <span class='ocrx_word' id='word_1_286' title='bbox 1181 3670 1252 3742; x_wconf 84' lang='lat' dir='ltr'><strong>qui,</strong></span> 
     </span>
     <span class='ocr_line' id='line_1_38' title="bbox 224 3745 1251 3832; baseline -0.009 -19"><span class='ocrx_word' id='word_1_287' title='bbox 224 3752 384 3832; x_wconf 71' lang='lat' dir='ltr'><strong>postquim</strong></span> <span class='ocrx_word' id='word_1_288' title='bbox 403 3769 441 3808; x_wconf 77' lang='lat' dir='ltr'><strong>ex</strong></span> <span class='ocrx_word' id='word_1_289' title='bbox 462 3749 538 3804; x_wconf 80' lang='lat' dir='ltr'><strong>Urbe</strong></span> <span class='ocrx_word' id='word_1_290' title='bbox 556 3745 778 3824; x_wconf 83' lang='lat' dir='ltr'><strong>quodammodo</strong></span> <span class='ocrx_word' id='word_1_291' title='bbox 788 3747 868 3819; x_wconf 74' lang='lat' dir='ltr'><strong>fecie</strong></span> <span class='ocrx_word' id='word_1_292' title='bbox 883 3747 997 3816; x_wconf 83' lang='lat' dir='ltr'><strong>orbem,</strong></span> <span class='ocrx_word' id='word_1_293' title='bbox 1016 3748 1177 3804; x_wconf 77' lang='lat' dir='ltr'><strong>horatium</strong></span> <span class='ocrx_word' id='word_1_294' title='bbox 1197 3749 1251 3806; x_wconf 87' lang='lat' dir='ltr'><strong>ob-</strong></span> 
     </span>
     <span class='ocr_line' id='line_1_39' title="bbox 223 3827 1254 3908; baseline -0.006 -16"><span class='ocrx_word' id='word_1_295' title='bbox 223 3835 314 3892; x_wconf 82' lang='lat' dir='ltr'><strong>tinuit</strong></span> <span class='ocrx_word' id='word_1_296' title='bbox 335 3844 370 3891; x_wconf 87' lang='lat' dir='ltr'><strong>ut</strong></span> <span class='ocrx_word' id='word_1_297' title='bbox 389 3831 493 3892; x_wconf 81' lang='lat' dir='ltr'><strong>eodem</strong></span> <span class='ocrx_word' id='word_1_298' title='bbox 515 3829 622 3889; x_wconf 85' lang='lat' dir='ltr'><strong>Codice</strong></span> <span class='ocrx_word' id='word_1_299' title='bbox 642 3845 698 3888; x_wconf 76' lang='lat' dir='ltr'><strong>ruo</strong></span> <span class='ocrx_word' id='word_1_300' title='bbox 718 3843 819 3908; x_wconf 77' lang='lat' dir='ltr'><strong>omnes</strong></span> <span class='ocrx_word' id='word_1_301' title='bbox 839 3828 887 3888; x_wconf 79' lang='lat' dir='ltr'><strong>sui</strong></span> <span class='ocrx_word' id='word_1_302' title='bbox 906 3828 1021 3905; x_wconf 81' lang='lat' dir='ltr'><strong>imperii</strong></span> <span class='ocrx_word' id='word_1_303' title='bbox 1040 3827 1146 3906; x_wconf 85' lang='lat' dir='ltr'><strong>populi</strong></span> <span class='ocrx_word' id='word_1_304' title='bbox 1167 3849 1254 3908; x_wconf 78' lang='lat' dir='ltr'><strong>rege-</strong></span> 
     </span>
    </p>
   </div>
   <div class='ocr_carea' id='block_1_4' title="bbox 223 3929 376 4003">
    <p class='ocr_par' dir='ltr' id='par_1_5' title="bbox 223 3929 376 4003">
     <span class='ocr_line' id='line_1_40' title="bbox 223 3929 376 4003; baseline -0.026 -25"><span class='ocrx_word' id='word_1_305' title='bbox 223 3929 339 3978; x_wconf 78' lang='lat' dir='ltr'><strong>rentur·</strong></span> <span class='ocrx_word' id='word_1_306' title='bbox 373 3995 376 4003; x_wconf 26' lang='grc' dir='ltr'><strong>Δ</strong></span> 
     </span>
    </p>
   </div>
   <div class='ocr_carea' id='block_1_5' title="bbox 0 0 1366 4504">
    <p class='ocr_par' dir='ltr' id='par_1_6' title="bbox 0 0 1366 4504">
     <span class='ocr_line' id='line_1_41' title="bbox 0 0 1366 4504; baseline 0 0"><span class='ocrx_word' id='word_1_307' title='bbox 0 0 1366 4504; x_wconf 95' lang='lat' dir='ltr'><strong> </strong></span> 
     </span>
    </p>
   </div>
  </div>
 </body>
</html>
