2644 4504
233 301 295 406 sss
476 342 642 409 mssa
664 346 699 425 1,
725 345 832 410 rrr.
856 343 1022 410 xxur.

229 451 293 530 tela
309 452 358 518 val
375 451 533 538 legitima
556 454 608 517 vel
629 453 747 518 datiae
762 481 774 517 .·
790 454 968 543 Legitima
986 464 1050 534 est,
1067 475 1138 541 quae
1157 477 1243 520 cornd

229 539 311 628 petit
324 561 367 605 ex
386 541 457 626 lege
475 542 633 630 proximis
648 543 773 628 agnatis
794 553 825 608 et
843 543 1007 630 cognatis3
1022 566 1120 629 eaque
1138 556 1182 608 est
1199 543 1242 608 rel

220 627 444 716 furiosorum
465 632 517 695 vel
527 632 764 722 prodigorum
784 657 792 695 ε
813 632 965 708 Datim,
983 631 1243 718 quaedefertura

229 719 441 803 magistratu3
455 731 565 806 estque
586 721 637 785 vel
652 723 845 798 minorum,
867 722 918 786 vel
938 721 1057 786 rnoldo
1073 721 1243 808 incpedito·

228 829 332 884 snm,
355 807 407 872 vel
429 808 646 888 absentium,
667 832 740 896 quae
760 809 868 874 omnia
895 809 948 874 hic
968 831 1128 896 occupare
1147 811 1244 874 volui-

227 916 320 997 mus3
336 897 483 982 quamvis
500 899 531 983 ἕ.
554 898 638 985 275,
652 899 787 962 demum
807 921 844 962 ea
865 897 906 962 de
924 899 1009 966 rein
1028 899 1137 964 libello
1154 899 1243 964 disse-

230 1007 405 1050 ruerimus.
700 1011 702 1016 ·
844 1043 849 1050 .

167 1130 193 1142 ..
270 1073 420 1148 LPrima
433 1073 551 1162 species
565 1075 878 1162 curatelaelegitimas
896 1088 943 1144 est
961 1077 1116 1142 corseas
1130 1072 1241 1162 sario-

224 1185 353 1228 aorum.
369 1161 508 1249 Legibus
523 1165 611 1229 enim
627 1164 699 1230 XII
714 1165 820 1230 Tabb.
836 1178 974 1230 cautum
992 1163 1120 1246 fuerat,
1144 1178 1180 1230 ut
1193 1163 1242 1228 fu-

225 1251 311 1315 rioso
334 1259 499 1316 curatores
516 1265 618 1318 essent
641 1254 787 1342 proximi
812 1256 922 1339 agnati
944 1265 977 1318 et
1001 1255 1136 1341 gentiles
1153 1303 1161 1336 ,
1181 1253 1243 1316 Cic·

229 1340 357 1422 Qaoest.
378 1341 478 1406 Tusa.
495 1341 554 1407 tit.
567 1345 605 1420 3,
620 1367 695 1428 cap.
714 1365 757 1406 n.
778 1343 925 1428 Quinam
944 1343 1007 1406 sint
1021 1344 1153 1430 agnati,
1175 1342 1241 1429 qui-

223 1449 302 1494 nam
317 1431 468 1516 gentiles,
485 1431 539 1494 hic
558 1455 626 1494 non
644 1432 829 1520 repetimus.
848 1433 935 1496 Rem
951 1443 1054 1494 totam
1068 1431 1241 1520 explicavi-

223 1541 298 1582 mus
317 1541 414 1607 supra
437 1520 468 1604 ἕ.
485 1519 616 1584 CCXX.
634 1521 915 1608 ostendimusque‚
938 1532 1074 1606 agnatos
1091 1541 1155 1585 esse
1177 1541 1244 1583 orn·

222 1630 280 1672 nes
298 1609 442 1696 ejusdem
460 1609 682 1695 cognominis,
702 1610 834 1696 gentiles
852 1632 964 1674 omnes
980 1609 1127 1693 ejusdem
1145 1609 1244 1685 norni-v

222 1697 292 1777 nis,
315 1720 344 1762 e.
360 1719 392 1782 g.
413 1697 583 1763 Cicerones
599 1720 711 1762 omnes
728 1699 890 1764 Ciceronis
910 1709 1004 1762 erant
1024 1699 1160 1784 agnati,
1179 1719 1244 1762 om-

218 1810 278 1852 nes
305 1787 408 1852 Tullii
429 1787 572 1869 ejusdem
597 1787 729 1871 gentiles
739 1811 751 1866 ¹3
777 1787 826 1851 illi
853 1788 942 1852 euim
957 1809 1010 1851 vex
1035 1788 1153 1854 eadem
1170 1809 1242 1852 cum

219 1876 278 1942 illo
294 1875 417 1940 familia
436 1876 497 1964 (de
514 1877 552 1941 la
568 1876 676 1940 me‘ms
691 1875 856 1962 tramae)
867 1926 876 1956 ,
898 1875 932 1940 hi
954 1898 997 1941 ex
1016 1877 1132 1941 eadem
1157 1887 1243 1960 gente
1312 1933 1313 1956 p

222 1965 289 2054 (de
309 1966 346 2030 la
366 1965 474 2029 menae
495 1965 647 2051 maison)
672 1965 871 2053 prodierant.
903 1964 971 2050 Qui
990 1987 1068 2050 ergo
1098 1966 1134 2032 in
1157 1963 1242 2030 furo-

220 2077 296 2135 rem
314 2051 495 2132 irridebat,
514 2054 561 2116 illi
575 2065 706 2117 curator
726 2053 963 2140 adjungebatur
984 2051 1083 2119 frater
1109 2081 1117 2118 ι
1136 2053 1163 2118 si
1183 2052 1243 2116 fra·
1312 2098 1313 2136 3

219 2142 305 2208 trem
324 2156 393 2208 non
413 2141 565 2222 haberet,
576 2154 736 2230 patruus3
755 2142 780 2206 si
797 2155 933 2232 patruus
953 2165 1022 2207 non
1037 2142 1178 2222 adesset,
1195 2141 1243 2204 alii
1312 2211 1313 2224 χ

218 2233 425 2310 remotiores,
444 2231 557 2296 eodem
572 2231 692 2309 modo,
716 2231 762 2294 uti
778 2254 876 2403 supra
900 2231 938 2296 de
962 2231 1061 2296 tutela
1086 2231 1242 2318 legitimo-
1312 2279 1313 2312 p

157 2331 159 2336 '
217 2342 297 2386 rum
318 2321 515 2384 ostendimus
535 2321 584 2406 (ἦ.
598 2339 666 2384 sao
684 2330 716 2384 et
738 2340 812 2385 221.
839 2320 920 2399 3ubi
939 2320 1038 2384 etism
1059 2320 1242 2386 observavi·
1308 2321 1310 2370 ἒ

124 2432 133 2478 ³
159 2441 163 2448 ·
191 2454 196 2462 -
220 2431 312 2487 mus,
327 2409 422 2474 hodie
431 2409 473 2472 ob
486 2409 531 2473 N
529 2413 630 2473 osred
635 2457 645 2486 ,
656 2431 733 2494 cup.
746 2405 771 2471 4
780 2458 791 2489 ,
806 2411 890 2472 inter
904 2419 1037 2495 agnatos
1048 2421 1080 2474 et
1095 2421 1250 2496 cognatos
1309 2415 1310 2424 ’

217 2519 288 2564 non
306 2519 369 2562 esse
384 2496 617 2569 differentiam,
639 2498 782 2586 adeoque
798 2498 845 2562 illi
863 2519 932 2561 non
952 2499 1072 2576 modo,
1093 2500 1150 2564 sed
1167 2509 1199 2564 et
1212 2495 1242 2561 hi
1309 2543 1310 2570 ;

217 2587 259 2655 ad
271 2585 450 2650 curatelam
461 2597 631 2650 vocantur.
646 2585 748 2666 Sunt,
765 2588 821 2674 qui
835 2588 1011 2651 curatelarn
1027 2585 1141 2652 furiosi
1155 2587 1244 2654 hodie
1306 2585 1310 2610 .

181 2711 182 2716 κ
218 2677 398 2764 legitimam
417 2697 480 2742 esse
502 2685 646 2761 negant,
668 2676 709 2739 ob
733 2675 756 2739 l.
786 2677 811 2738 6
830 2687 861 2740 et
882 2677 904 2740 l.
931 2679 986 2756 13,
1000 2673 1047 2764 ff
1069 2675 1113 2741 de
1136 2687 1241 2741 curat.

105 2785 109 2794 ’
205 2766 338 2856 sacrior.
363 2763 418 2827 ubi
435 2763 641 2850 magistratus
663 2761 789 2829 furiosis
808 2777 972 2832 curatores
994 2767 1153 2830 dicuntur
1170 2767 1246 2830 dare

216 2855 347 2942 cognita
362 2874 482 2920 caussa.
497 2853 532 2917 si
543 2853 651 2940 itaque
663 2853 867 2939 magistratus
874 2853 970 2932 dant,
982 2877 1058 2919 sarae
1069 2877 1141 2920 uon
1152 2864 1242 2919 erunt
1308 2857 1310 2911 ¹,

215 2955 380 3011 curatores
390 2941 538 3030 legitimi.
555 2943 618 3015 Sed
631 2943 795 3030 responsio
811 2943 887 3012 latet
899 2943 933 3006 in
945 2943 1000 3006 illa
1014 2945 1082 3031 ipsa
1100 2945 1171 3030 lege
1188 2944 1239 3022 25,

215 3034 273 3102 ubi
285 3033 415 3099 additur
428 3059 436 3096 ι
450 3043 625 3121 praetorem
640 3054 708 3095 non
728 3029 820 3096 facile
842 3029 1086 3119 preteritum
1103 3033 1240 3122 propin·
1309 3075 1310 3083 κ

217 3147 320 3212 quos,
340 3122 399 3210 qui·
417 3121 634 3200 habiloaesint.
661 3119 823 3205 Legitima
847 3142 924 3206 ergo
946 3134 1032 3186 recte
1055 3134 1194 3188 vocatur
1214 3131 1244 3184 et
1312 3177 1313 3182 ,

215 3213 312 3280 hodie
336 3213 406 3276 haec
430 3210 596 3290 casasola,
630 3219 673 3272 1⁰.
696 3209 772 3296 quia
797 3221 844 3274 est
870 3231 918 3274 ex·
940 3209 1022 3297 Leg.
1045 3211 1118 3275 Xll'
1139 3209 1241 3276 Tabb.

216 3314 263 3370 2⁰.
279 3303 354 3390 quia
371 3300 484 3364 iisdem
502 3299 676 3387 competit,
701 3297 817 3384 quibus
830 3298 884 3362 lex
900 3297 1000 3364 defert
1011 3297 1241 3364 successionem

215 3394 256 3460 ab
276 3395 435 3458 intestato.
452 3389 552 3473 Quod
570 3399 680 3451 autem
696 3387 899 3474 magistratus
914 3389 989 3476 jure
1007 3410 1097 3453 novo
1114 3398 1243 3452 curato-

214 3507 264 3549 res
273 3478 404 3550 furiosis
418 3497 526 3540 caussa
541 3478 671 3562 cognita
685 3476 762 3540 dare
775 3477 951 3565 coeperint,
963 3477 997 3540 id
1010 3477 1084 3542 inde
1097 3475 1221 3540 factum
1229 3523 1238 3553 ,

215 3573 291 3659 quia
306 3589 388 3654 saepe
399 3565 575 3654 propinqui
587 3565 718 3650 cognati
731 3565 866 3651 alicujus
882 3559 972 3630 boun
986 3567 1146 3632 initiantes
1166 3585 1239 3629 eum
1310 3589 1311 3598 ¹

187 3643 195 3784 ⁴
212 3661 372 3728 furiosum
395 3675 458 3717 esse
480 3655 646 3734 dicerent,
664 3676 767 3740 eoque
788 3656 896 3718 colore
912 3655 997 3720 bona
1018 3658 1085 3741 ejus
1106 3654 1239 3718 invade·

49 3758 73 3783 “’
212 3762 286 3818 rent
297 3758 465 3830 tamquam
475 3755 639 3808 curatores
649 3742 795 3828 legitimi.
808 3744 908 3827 Cujus
919 3745 966 3808 rei
977 3745 1121 3833 lepidum
1132 3763 1240 3808 exeru-

127 3853 141 3900 ’-
208 3839 306 3930 'plum
318 3843 421 3899 exstat
435 3831 469 3894 in
485 3831 605 3896 Flaui.
622 3833 791 3896 Mensecls.
808 3844 872 3896 aet.
894 3831 944 3910 V,
961 3857 1048 3903 soen.
1066 3834 1106 3898 II
1116 3879 1129 3910 ,
1145 3855 1176 3895 v.
1186 3834 1237 3917 75

212 3949 304 4014 seqq.
325 3920 524 3990 ubimulier
547 3921 678 4010 ejusque
701 3932 793 4010 pater
813 3921 1057 3989 Menaechmum
1085 3917 1235 3986 Sosiclem

1111 4001 1231 4076 habent

423 4177 535 4220 N,
