2644 4504
482 359 653 429 mssa
678 365 713 446 1,
738 365 849 432 rrr.
873 365 1040 434 xx1v.

421 524 456 608 ς.
476 523 761 594 ccsxxxrv
777 540 810 592 a
825 527 1098 595 ccuxxxv.

291 677 471 766 Reliquum
494 693 557 763 est,
580 693 619 746 ut
642 694 675 748 et
696 683 735 748 de
756 681 871 749 effectu
894 685 1105 751 satisdationis
1126 693 1259 748 tutorum
1312 761 1313 778 χ

247 767 424 834 videamus.
438 769 580 838 Effectus
591 771 645 835 hic
656 783 719 851 est,
732 783 770 835 ut
781 785 844 838 tres
855 775 994 839 actiones
1006 773 1121 838 habeat
1130 773 1259 862 pupillus
1312 795 1313 800 ¹

247 855 338 920 finita
358 859 457 924 tutela
470 859 512 924 ad
526 882 598 925 rem
610 883 704 924 suam
718 863 998 948 consequendam,
1013 886 1087 950 quae
1101 861 1157 951 ipsi
1171 861 1258 925 abest.
1311 839 1313 896 Ι

246 943 335 1010 Nam
363 956 405 1012 ι’.
429 951 599 1014 actionem
621 951 735 1014 tnutoe
757 951 893 1015 instituit
912 953 1064 1016 adversus
1082 960 1259 1030 tutoras,ut

246 1034 386 1100 rationes
412 1038 548 1102 reddant
578 1050 611 1102 et
634 1039 758 1126 reliqua
784 1041 978 1120 restituant3
1000 1041 1040 1106 de
1063 1063 1127 1127 qua
1148 1039 1259 1104 actione

246 1145 345 1211 supra
360 1125 409 1212 (S.
424 1126 519 1214 263.)
532 1126 686 1192 dixirnus.
701 1137 745 1192 2⁰.
760 1129 796 1193 Si
807 1131 868 1194 bac
882 1130 1009 1194 actione
1022 1153 1093 1196 nou
1105 1137 1258 1218 recuperat

247 1236 267 1276 a
292 1214 453 1280 tutoribus
475 1238 547 1280 rem
570 1239 682 1298 suam,
709 1217 807 1282 habet
836 1221 1005 1284 actionem
1035 1244 1077 1284 ex
1106 1217 1258 1306 stipulatu

249 1301 659 1392 adversusficlejussores‚
675 1317 712 1370 ut
722 1307 896 1372 resaruiant
909 1307 1071 1373 damnum
1085 1331 1104 1372 a
1118 1305 1260 1372 tutoribus

185 1407 189 1414 '
247 1389 373 1455 datum.
399 1394 538 1458 Perinde
563 1406 672 1458 autem
695 1406 757 1472 est,
781 1397 848 1461 sive
872 1408 994 1462 tutores
1016 1421 1086 1462 nou
1103 1395 1258 1472 solvendo,

248 1481 314 1545 sire
329 1480 365 1546 in
379 1480 456 1568 fuga
474 1484 554 1564 sint,
569 1483 634 1549 sire
656 1506 723 1548 uon
742 1482 835 1550 facile
855 1485 897 1550 ob
910 1487 1090 1551 absentiam
1109 1481 1259 1551 conveniri

248 1569 380 1658 possint.
396 1573 440 1638 Et
456 1572 496 1638 de
515 1572 577 1637 hae
599 1573 726 1637 actione
741 1573 808 1660 agit
826 1586 914 1639 totus
927 1577 980 1640 tit.
993 1573 1042 1664 ff
1062 1577 1104 1646 de
1115 1571 1258 1663 fidq'uss·

249 1669 283 1724 et
308 1662 478 1728 nominat.-
504 1661 549 1726 5⁰.
573 1661 608 1726 Si
627 1685 669 1728 no
693 1661 889 1750 fidejussores
911 1664 1045 1751 quidem
1068 1665 1133 1730 siut
1150 1660 1260 1739 idonei,

249 1747 291 1813 ab
319 1748 418 1837 iisque
444 1749 587 1840 pupillus
612 1773 682 1816 rem
705 1772 797 1816 suam
819 1776 946 1817 serrare
969 1777 1036 1818 non
1061 1752 1176 1842 possit,
1194 1763 1259 1813 tunc

248 1837 347 1924 culpa
367 1839 453 1904 cadit
471 1840 506 1904 in
527 1840 771 1922 magistratum,
792 1841 848 1928 qui
873 1841 1061 1926 hujusmodi
1082 1841 1260 1926 fidejussores
1312 1913 1313 1926 χ

248 1949 368 2017 parum
380 1927 512 1996 idoneos
522 1929 669 2008 admisit,
683 1943 714 1994 et
728 1942 841 1996 contra
854 1931 943 1996 huns
953 1931 1051 1996 datur
1065 1931 1154 1996 actio
1163 1927 1259 1994 sulsi-
1312 1935 1313 1938 ’

249 2015 365 2084 diaria
374 2065 387 2096 ,
409 2019 449 2084 de
468 2041 531 2106 qua
550 2019 617 2105 agit
636 2019 688 2083 tit.
698 2017 746 2109 ff.
766 2019 808 2082 de
829 2022 988 2107 magistr.
1006 2043 1147 2086 consen.
1169 2017 1261 2082 Datur

249 2103 361 2194 itaque
372 2106 442 2172 hmo
454 2107 539 2173 actio
550 2107 695 2197 pupillo,
708 2108 764 2195 qui
776 2107 868 2173 finita
878 2110 978 2172 tutela
989 2132 1060 2174 rem
1071 2123 1262 2192 suamnequs

249 2212 270 2259 a
293 2205 400 2262 tutore
424 2219 531 2286 neque
552 2219 569 2263 a
595 2197 831 2285 fidejussoribus
856 2220 1047 2286 recuperare
1072 2196 1177 2288 potuit
1198 2193 1261 2281 (hu

250 2284 339 2351 enim
391 2285 457 2352 rius
487 2287 672 2354 convenisse
702 2285 819 2367 debet,
847 2291 1023 2374 antequam
1043 2288 1262 2374 ¹magistratum

275 2374 355 2440 ulset
416 2400 434 2440 o
449 2375 603 2464 actione).
623 2375 732 2440 Datur
750 2397 816 2441 non
832 2376 930 2442 modo
943 2377 1095 2442 adsersus
1109 2392 1261 2465 personas,

249 2395 336 2550 ibon
355 2463 507 2530 adversus
526 2464 808 2552 collegium)'quae
821 2477 964 2531 tutorem
976 2466 1044 2530 sine
1062 2464 1183 2530 idoneis
1196 2459 1263 2527 lide·

247 2549 426 2636 jussoribus
439 2553 616 2634 dederuut,
631 2548 747 2620 ierum
762 2553 860 2620 etiarn
869 2605 878 2636 ‚
893 2555 919 2619 si
933 2555 1029 2642 culpa
1044 2554 1110 2618 lata
1124 2553 1261 2618 interces-

165 2685 237 2738 <⁹¹⁵
251 2640 344 2722 serit,
361 2641 513 2708 adversus
528 2665 642 2710 earum
655 2643 805 2725 heredes,
823 2643 837 2731 (
843 2667 910 2708 non
925 2643 1076 2708 adversus
1089 2656 1263 2709 successores

249 2729 445 2819 singulares)
464 2732 506 2797 ad
525 2733 682 2798 damnum
703 2755 800 2797 omne
820 2732 1072 2799 resarciendum.
1093 2731 1156 2797 Sed
1176 2726 1264 2793 rarior

251 2831 364 2888 tamen
373 2822 443 2886 haec
453 2823 675 2904 sotioest,neo
684 2821 924 2907 magnuminde
933 2818 1263 2910 lucrumsperanduu.

252 2909 343 2976 Nam
366 2919 409 2976 ι’.
428 2931 557 3001 semper
576 2933 637 3002 pro
657 2911 846 2997 magistratu
860 2911 977 2976 militat
988 2909 1199 3000 praesumptio
1209 2901 1264 2968 du

252 3001 387 3087 gentius,
403 3001 506 3068 donec
520 3001 678 3092 probetur
692 3001 894 3066 contrarium
903 3050 912 3080 ‚
927 3023 1028 3088 eaque
1043 2997 1191 3089 probatio
1204 3003 1264 3058 satu

252 3091 447 3180 plerumque
457 3089 594 3157 'difficilis
600 3102 657 3156 est.
670 3097 713 3154 2⁰.
725 3088 897 3155 biberetur
905 3089 1128 3176 magistratus,
1139 3085 1163 3151 si
1174 3094 1264 3150 osteu-

253 3179 327 3262 dat,
351 3203 389 3246 eo
416 3193 578 3268 tempore,
601 3201 667 3268 quo
695 3201 728 3244 se
753 3177 926 3265 obligarint
950 3175 1165 3266 fidejussores,
1186 3171 1265 3237 fuisse

195 3311 199 3320 ,
252 3269 401 3348 idoneos,
416 3283 449 3336 et
486 3282 570 3335 ostea
586 3270 720 3334 demum
738 3266 828 3333 bonis
842 3269 960 3358 lapsos,
976 3266 1073 3356 idque
1088 3268 1264 3360 plerumque

253 3359 432 3445 contingit,
456 3294 484 3422 i)
508 3383 540 3437 r,
564 3359 594 3444 §.
621 3361 678 3435 13,
689 3355 737 3446 ff.
761 3357 801 3422 de
820 3379 914 3446 mog.
936 3379 1074 3422 consen.
1104 3356 1151 3422 3⁰·
1173 3348 1264 3445 Hodle⁸

248 3449 366 3538 ‘paucis
380 3449 457 3512 locis
470 3460 599 3536 recepta
614 3459 660 3512 est
674 3446 854 3526 satisdatio,
871 3445 1015 3531 adeoque
1031 3457 1065 3510 et
1078 3442 1263 3530 magistratui

253 3538 410 3626 imputari
429 3537 560 3624 nequit,
580 3537 604 3601 si
624 3535 822 3621 fidejussores
843 3557 910 3600 non
929 3534 1083 3622 exegerit.
1102 3534 1150 3597 4⁰.
1169 3529 1263 3593 Gene-

254 3627 353 3694 ratim
368 3627 467 3692 etiam
478 3649 520 3691 ex
535 3625 653 3712 regulis
670 3623 856 3690 universalis
869 3623 1049 3713 prudentiss
1063 3617 1261 3712 periculosum

253 3729 317 3796 est,
340 3717 467 3804 litigare
491 3737 569 3780 oum
594 3714 832 3801 magistratibus
845 3738 856 3794 3
871 3735 1008 3799 eamque
1029 3712 1064 3776 in
1084 3732 1154 3776 rem
1172 3709 1261 3772 exstat

253 3809 381 3893 elegans
398 3806 578 3872 Tltomosii
592 3803 674 3868 diss.
687 3803 729 3868 de
743 3803 866 3892 exiguo
881 3825 947 3866 nou
959 3801 1121 3868 doctrinm
1133 3797 1211 3861 Inst.
1226 3788 1260 3854 dt

257 3900 388 3964 actions
402 3897 566 3968 adversus
567 3892 728 3982 judicem
733 3941 744 3974 ,
760 3895 821 3982 qui
834 3892 929 3961 litem
943 3888 1144 3980 sunmsecit.
