2710 4504
188 251 220 306 x
464 227 955 320 PR'AEMONITUM·

144 470 147 476 Δ
197 368 310 446 mani
326 395 422 446 oum
436 371 638 450 Saxonico
653 374 720 450 rel
739 376 984 454 Germanico
1002 378 1094 474 jure
1113 376 1230 464 colla-

196 483 376 560 tionem:
392 511 504 584 quae,
520 489 617 564 edm
629 489 746 564 nobis
761 492 931 567 omnind
942 491 1099 568 inutilis
1111 495 1229 582 esset,

198 623 273 674 nos
299 600 460 676 tannim
489 604 701 697 monebat,
721 607 921 702 quantum
949 603 1230 700 hujuscemodi

201 713 459 789 collationem
479 743 575 792 cum
592 717 681 810 jure
700 717 857 793 Gallico
876 721 1034 796 institui
1054 744 1233 794 necessa-

87 853 91 884 <
195 829 312 1014 lrium
332 840 448 924 esset,
464 855 632 930 quaeque
646 830 743 908 inde
759 835 916 909 oritura
930 833 1135 912 tironibus
1150 833 1235 908 uti-

212 942 287 1015 itas
303 943 313 1016 !

259 1149 328 1224 IV.
348 1147 449 1223 Tale
468 1175 568 1246 opus
586 1153 667 1249 jam
684 1151 828 1252 magud
842 1164 1023 1248 exparte
1040 1152 1085 1228 in
1104 1149 1240 1251 priva-

202 1262 257 1336 tis
280 1265 584 1338 recitationibus
618 1265 731 1342 domi
766 1265 1088 1362 explicaveram3
1118 1265 1243 1358 crim,

206 1375 396 1484 pluribus
411 1377 511 1452 utile
525 1377 712 1453 futurum
738 1407 817 1455 esse
837 1389 947 1454 ratus
957 1437 970 1474 ,
991 1381 1023 1456 si
1042 1379 1146 1456 illud
1167 1403 1240 1475 pe-

26 1571 30 1576 ,
149 1587 150 1590 Ἴ
206 1491 319 1567 nitds
339 1491 635 1585 absolveretur,
660 1493 711 1566 ad
727 1495 770 1568 id
791 1493 975 1569 animum
999 1493 1178 1592 intendi,¹
1193 1501 1242 1564 ut

208 1603 455 1704 diligentiori
470 1605 592 1682 etiam
607 1609 706 1682 curat
723 1607 897 1708 singulos
918 1609 1144 1682 Hnlnnccn
1165 1630 1243 1704 pa-

208 1720 447 1818 ragraphus,
471 1747 567 1796 cum
594 1721 757 1820 singulis
783 1731 1016 1796 nostrorum
1045 1720 1245 1796 Codicum

211 1835 391 1909 articulis
410 1835 635 1912 conferrem
652 1864 661 1908 :
678 1862 800 1935 quam
816 1834 1075 1912 collationem
1089 1837 1148 1908 ita
1161 1835 1246 1907 ins-

210 1949 360 2024 tituere
375 1961 542 2024 conatus
560 1975 674 2042 sum,
693 1961 742 2024 ut
763 1976 849 2024 non
873 1949 919 2023 in
944 1948 1058 2022 nudo
1081 1950 1247 2042 jejuno-

211 2089 293 2161 que
305 2061 437 2138 solum
449 2063 717 2138 articulorum
728 2076 799 2138 aut
810 2049 1077 2138 numerorum
1090 2061 1248 2153 indice,

172 2197 177 2203 ’
213 2177 282 2258 sed
297 2177 432 2276 potiris
447 2179 491 2251 in
511 2179 843 2274 interpretatione
864 2175 1040 2274 quadam
1059 2175 1249 2248 consiste·

213 2305 299 2386 ret;
327 2317 416 2390 quae
449 2293 628 2368 breviter
657 2291 851 2389 quidem,
882 2289 949 2364 sed
970 2287 1252 2366 nihilominus

118 2428 122 2439 ‘
214 2406 460 2505 argumentis
474 2417 514 2480 et
528 2407 755 2482 rationibus
768 2407 875 2497 nisa,
894 2403 1079 2479 edoceret
1100 2403 1256 2500 quibus

79 2507 81 2511 i
214 2523 323 2598 inter
338 2547 378 2595 se
391 2532 613 2618 utrumque
626 2523 788 2616 justum
800 2521 1033 2592 Romanum
1045 2528 1137 2592 tum
1152 2513 1256 2590 Gal·

179 2650 182 2654 ’
214 2635 346 2714 licum
366 2635 449 2711 sive
468 2636 713 2733 discrepent,
728 2634 811 2710 sive
827 2633 1078 2710 conveniant.

273 2842 324 2915 V.
337 2839 432 2914 Non
447 2841 599 2916 minori
613 2823 711 2914 eura
725 2837 861 2912 studui
869 2849 939 2934 ,ut
952 2847 1113 2910 textum
1129 2829 1256 2929 qutm

220 2954 592 3054 emendatissimum
608 2953 795 3028 offerrem
801 2981 813 3045 ,·
828 2950 940 3051 quod
952 2961 999 3023 ut
1013 2969 1256 3044 assequerer,

217 3069 367 3148 multas
387 3069 582 3144 editiones
600 3069 776 3147 invicem
796 3067 978 3158 contuli,
996 3087 1173 3162 quarum
1194 3056 1258 3134 hae

219 3185 447 3282 praecipue:
622 3201 642 3209 ⁴·

284 3324 336 3396 1⁰.
350 3320 454 3397 Edit.
474 3319 672 3410 Ganevae,
699 3341 829 3416 1771,
849 3341 1021 3416 operum
1039 3309 1238 3390 omnium.

282 3433 340 3510 2⁰.
355 3434 461 3510 Edit.
479 3434 653 3509 Lovanii
663 3489 677 3526 ,
698 3429 815 3533 1785.

283 3545 341 3624 5⁰.
360 3547 464 3626 Edit.
478 3547 752 3642 Vratislaviae,
774 3545 904 3648 17892·
924 3555 996 3622 eto.
1017 3554 1090 3620 etc.

283 3753 322 3830 V
322 3755 351 3832 Ι.
381 3755 539 3866 Quibus
573 3755 732 3864 obiter„
744 3751 981 3854 praemissis,
1014 3748 1099 3824 sine
1135 3737 1264 3822 nimit
