2710 4504
30 343 34 416 r,
264 323 332 392 uu
355 321 614 408 susurru
636 323 705 392 cr
727 319 880 392 suun.
1044 343 1086 414 91

30 521 31 524 Ἴ
85 430 190 498 scientia
209 435 401 522 acquiescit,
419 457 623 524 quamquam
646 455 833 526 numquam
851 443 987 501 rentum
1007 453 1090 522 pro-

85 522 177 586 ducere
198 523 308 590 diseat.
335 523 397 590 Aet
420 525 765 592 luriaconaultua'non
782 523 856 590 ideo
872 521 985 602 discit,
1009 519 1104 610 quid*

30 619 33 683 ζ
84 612 112 674 sit
124 623 318 696 contractus,
334 613 411 701 quid
427 615 586 682 restitutio
597 614 633 680 in
647 615 831 702 integrum,
848 611 927 702 quid
943 611 1088 691 libellus,

29 716 33 765 t
85 711 110 764 ut
120 699 173 766 hac
184 703 315 768 scientia
326 725 358 770 se
368 703 522 785 oblectet,
535 703 589 769 sed
602 715 639 768 ut
654 713 862 769 contractum
877 713 973 767 caute
986 699 1089 780 ineat,

83 789 157 866 et‚ai
173 815 253 882 opus
273 795 335 874 sit,
352 793 388 858 in
405 791 478 862 foro
491 791 727 860 restitutionem
746 794 781 859 in
797 793 964 880 integrum
982 811 1045 880 pro
1058 809 1091 854 se

83 877 121 942 vel
135 881 197 946 aliis
216 893 325 974 petat,
349 894 388 949 ut
408 883 435 950 si
455 885 539 950 alter
557 883 617 974 ipsi
640 884 695 970 jue
715 883 925 948 intervertere
950 881 1091 959 audeat,

29 1028 33 1041 ,
80 966 205 1035 libellum
229 971 391 1039 conficere
408 996 550 1062 eumque
573 971 676 1062 judici
700 971 814 1040 offerre
830 971 939 1062 poaeit.
966 969 1090 1036 Omnia

28 1046 33 1145 ξ
80 1059 204 1143 ergohio'
224 1072 300 1126 aunt
320 1063 464 1152 practica
480 1087 489 1125 ε
504 1075 602 1150 atque
622 1059 697 1128 iude
718 1074 789 1143 ert,
810 1061 898 1152 quod
919 1059 1092 1150 luriapru-

27 1178 33 1263 p
80 1145 201 1218 tentam
212 1150 407 1218 definiemus
421 1151 580 1220 lubitum
589 1153 797 1241 praeliorum.

447 1295 479 1384 ς.
504 1293 696 1368 xxvii.

27 1290 33 1325 l

26 1356 33 1487 l
113 1433 293 1505 Differentia
307 1437 472 1530 specifica,
487 1463 552 1530 qna
568 1439 828 1532 Juriaprudentia
843 1437 884 1506 cb
904 1437 974 1504 aliis
988 1437 1095 1504 ueien-

80 1523 118 1590 tiia
127 1527 273 1615 practicis
281 1529 482 1618 sejungitur,
496 1541 544 1597 eat
560 1531 799 1620 interpretatio
807 1541 838 1596 et
851 1527 1039 1632 (triplicatio
1051 1450 1112 1690 lc}

80 1635 157 1700 gum.
166 1617 332 1686 Addimus
342 1620 644 1710 enim,legeareela
652 1617 902 1708 interpretanda
911 1617 1077 1706 adplicata

26 1714 29 1729 '
80 1701 1000 1798 liqueriteadquacvc'eepccr'eeobvenientea.P1·im0ergo
1008 1705 1094 1792 leget

25 1828 30 1868 f
79 1793 124 1857 ecit
138 1793 406 1880 Iurisconsultus,
418 1797 534 1865 deinde
545 1799 674 1865 easdem
690 1810 778 1864 recte
791 1797 1042 1901 interpretatur,
1054 1815 1094 1860 ac

25 1889 29 1973 't
79 1887 767 1977 petremoeasdemadplicatcaribus,quiin
780 1883 1094 1972 vitacrviliquotidie

25 1977 29 2013 ³
80 1970 246 2041 obveniunt.
261 1977 343 2042 Haec
352 1973 1094 2064 triaitaconjuncteeunt,ut,aiquisillasejuu·

25 2122 29 2139 ,
80 2071 318 2155 anteceptam,
333 2089 401 2132 non
415 2067 555 2155 amplius
569 2065 795 2134 iurisconsulti
812 2087 935 2132 nomen
950 2073 1093 2129 tueatur.

24 2148 29 2227 Ι
81 2149 135 2234 Qui
152 2155 237 2220 enim
258 2154 321 2220 ecit
340 2155 443 2242 leges,
459 2157 515 2224 sed
532 2177 670 2223 caenon
686 2167 774 2224 recte
792 2154 1047 2245 interpretatur,
1066 2151 1094 2216 ia

79 2257 132 2303 non
148 2243 403 2312 iurisconsultus
426 2257 495 2328 eat,
520 2245 575 2312 sed
597 2245 649 2314 Le
700 2245 796 2314 [οἱα.
823 2245 896 2336 Qui
917 2255 950 2310 et
974 2243 1034 2308 ecit
1060 2253 1095 2306 et

78 2325 294 2420 interpretatur
306 2384 315 2415 ,
328 2335 382 2400 aed
399 2355 468 2401 non
478 2335 642 2427 adplicat,
658 2359 684 2403 u
700 2319 801 2402 lucia
838 2337 946 2402 critua
959 2343 1005 2399 est
1014 2383 1025 2418 ,
1038 2329 1095 2396 red

78 2433 131 2484 nou
143 2423 404 2490 turiaconeultus.
422 2425 491 2510 Qui
506 2425 650 2514 adplicat
691 2447 725 2490 ur
748 2445 853 2508 ern,1
902 2433 970 2504 est,
995 2419 1094 2514 prexi

79 2527 102 2570 tt
119 2514 304 2604 mancipat,
333 2525 366 2578 et
385 2513 486 2578 cruda
512 2515 617 2581 studia
643 2513 680 2580 in
702 2511 814 2580 forum
836 2511 1012 2618 propellit,
1038 2509 1095 2576 sed

77 2595 188 2666 scientia
208 2613 243 2668 et
265 2602 501 2692 interpretandi
520 2603 666 2670 subsidiis
688 2603 858 2672 destitutus
869 2653 880 2687 ,
902 2599 1102 2704 reQ

78 2691 235 2760 vocandus.
255 2692 408 2780 Denique
427 2693 531 2780 quiet
550 2695 609 2759 scit
625 2693 708 2782 leger
717 2745 727 2776 ,
749 2703 782 2760 et
796 2694 922 2761 eaedem
937 2703 1025 2756 recte
1039 2711 1096 2756 ru·

78 2781 276 2866 terpretatur,
293 2793 326 2850 et
342 2783 403 2848 rite
415 2783 450 2848 in
465 2781 538 2848 foro
556 2781 717 2872 adplicat,
734 2781 761 2848 ia
774 2803 851 2850 vere
866 2777 1095 2848 iurisconsulti

79 2866 119 2929 Vel
136 2869 393 2962 lmirprudentis
415 2893 539 2938 nomen
562 2883 685 2944 tuetur.
705 2871 862 2938 Dicemus
883 2893 963 2958 er·go
981 2857 1020 2934 He
1040 2891 1094 2932 rn-

80 2961 296 3043 tuperatione
321 2959 417 3026 luris'
432 2963 465 3050 §.
489 2961 557 3044 28,
580 2973 613 3028 et
633 2963 673 3027 de
696 2959 839 3051 ejusdem
873 2958 1095 3050 adplicatione

112 3287 320 3382 Interpretari
341 3305 388 3360 eat
406 3317 474 3362 non
494 3293 593 3360 verba
615 3293 728 3381 legum
748 3304 878 3374 tenere,
901 3292 956 3360 aed
975 3293 1042 3359 vim
1062 3304 1096 3358 et

78 3381 1094 3556 rutuli,catil,interueniunt

80 3555 121 3620 ret
133 3557 256 3644 judici,
273 3560 308 3628 el
323 3574 404 3630 tunc
424 3574 561 3630 vocatur
585 3562 721 3630 usualia
736 3589 745 3627 ε
762 3564 813 3628 vel
830 3561 849 3628 J
853 3561 1095 3642 uriacuneultis,

77 3663 139 3727 quoe
161 3648 280 3716 dicitur
302 3651 518 3738 doctrinalia.
542 3651 756 3720 Anthemiou
785 3663 854 3734 est,
879 3652 1013 3738 quando
1038 3651 1095 3718 lex

78 3739 136 3798 lum
149 3737 283 3806 obscura
297 3753 361 3822 eat,
378 3753 415 3806 ut
430 3741 497 3830 ipae
515 3740 680 3827 legislator
695 3741 911 3808 consulendus
925 3744 980 3822 sit,
994 3745 1095 3828 quem

79 3840 193 3892 &nuum
214 3829 279 3916 legi
299 3826 378 3898 dare
391 3831 481 3897 velit.
500 3827 552 3896 De
570 3830 633 3896 hac
650 3829 917 3922 interpretatione
931 3831 998 3916 agit
1013 3829 1036 3894 l.
1054 3851 1072 3895 a
1081 3877 1099 3909 ,

71 3904 163 3994 Μ
180 3915 247 4012 lag.
260 3941 290 3988 e.
309 3941 342 4010 g.
360 3919 434 3988 Lex
452 3930 521 4005 eat,
540 3931 578 3988 ut
606 3941 681 3998 rem
699 3917 855 4012 furtivam
876 3931 1005 3988 tautum
1025 3918 1095 3986 do·

22 2972 27 3035 ι
78 3040 162 3135 §Q

438 3147 712 3240 exxvnr
