2646 4496
174 265 237 331 ne
466 262 906 350 sternuntur.

195 369 438 462 radiantiaque
458 375 567 440 omnia
589 398 696 441 emere
710 377 927 466 „vendere);
950 389 983 444 et
1005 379 1204 460 testamenti

160 398 332 551 iectionis
359 468 455 548 (nam
477 475 628 552 poterant
647 463 707 552 ipsi
728 465 837 531 testari
856 479 888 532 et
912 465 953 532 ab
976 467 1044 532 aliis
1065 467 1204 534 heredes

167 552 313 632 institui,
327 563 360 615 et
373 553 406 616 in
425 549 621 620 testamentis
644 565 735 618 testes
752 553 845 642 esse).
867 555 909 644 (β)
932 554 1040 622 Latini
1063 557 1203 642 quidem

167 641 331 707 habebant
341 642 393 726 jus
406 653 656 723 contractuum,
672 643 727 708 sed
745 666 813 710 uon
828 644 1008 712 testamenti
1028 643 1176 710 factionis
1192 695 1202 726 ,

167 753 229 794 neo
244 729 415 810 connubii,
427 730 485 796 nisi
498 731 664 820 speciatim
676 731 756 798 ittud
769 743 846 804 asset
856 755 1054 799 concessum.
1067 733 1111 821 (r)
1127 737 1204 800 De·-

165 819 263 884 dititii
276 821 406 884 nultum
424 821 542 884 horum
554 819 679 906 jurium
702 820 882 903 habebant,
902 844 962 888 nec
980 823 1084 890 ullam
1103 847 1118 886 s
1163 846 1202 888 m
1319 857 1320 876 κ

166 906 331 982 habebant
344 909 539 997 impetrandi
552 909 606 996 jus
622 909 778 990 civitatis3
794 910 880 976 uude
901 911 964 978 hoc
986 935 1053 978 uno
1067 911 1101 976 di
1124 934 1199 978 erc-

167 995 276 1062 banta
291 999 411 1079 servis,
427 999 516 1086 quod
529 997 701 1064 dominum
711 1020 780 1064 non
791 999 961 1066 habereut·

480 1135 532 1194 .’
611 1137 750 1223 nox.

147 1339 150 1342 .
212 1279 364 1368 Superest
378 1275 492 1366 (c)jus
505 1277 740 1344 novissimum.
753 1276 922 1343 Nimirum
933 1278 1006 1362 jure
1021 1275 1203 1342 novissimo
1320 1349 1321 1356 ἵ

165 1369 367 1436 Justinianus
380 1365 423 1454 (a)
440 1387 553 1432 mores
568 1366 717 1454 antiquos
730 1365 894 1434 revocavit
907 1367 942 1431 in
960 1389 1073 1446 usum,
1090 1378 1125 1431 et
1137 1387 1203 1430 vo-
1320 1357 1321 1364 ἵ

165 1460 251 1536 luit,
268 1471 305 1521 ut
319 1479 433 1524 omnes
449 1455 637 1520 manumissi
655 1457 740 1520 cives
758 1454 893 1534 fierent,
916 1455 1014 1543 idque
1031 1456 1205 1520 constituit

165 1549 193 1618 l.
211 1571 270 1614 un.
294 1547 331 1612 c.
349 1547 392 1611 de
406 1546 467 1609 tat.
481 1544 540 1608 tit.
562 1542 633 1608 tott.
650 1555 683 1608 et
696 1544 718 1608 t.
740 1568 799 1609 un.
815 1544 852 1610 0.
867 1545 908 1609 de
923 1544 1029 1609 dedit.
1046 1541 1105 1609 tit.
1121 1543 1199 1608 toll.

166 1635 404 1727 (1³)Libertinis
422 1631 573 1698 omnibus
587 1633 662 1718 jura
679 1633 886 1719 ingenuitatis
906 1632 1057 1712 indulsit,
1080 1643 1111 1696 et
1126 1633 1203 1718 jus-

164 1726 223 1806 sit,
238 1737 275 1790 ut
290 1723 381 1790 nulla
395 1721 535 1816 amplius
547 1732 626 1788 esset
641 1720 725 1788 inter
737 1721 894 1808 ingenuos
907 1733 939 1786 ot
955 1721 1118 1786 libertinos
1132 1721 1201 1784 dif-

48 1849 52 1858 ·
167 1813 313 1880 ferentia.
330 1813 480 1899 Denique
498 1821 531 1876 et
551 1811 595 1898 (r)
611 1811 664 1896 jus
686 1832 861 1876 aureorum
881 1811 1078 1876 annulorum
1106 1810 1201 1874 dedit

166 1904 344 1983 libertinis,
360 1902 455 1967 Nov.
468 1904 535 1988 78,
553 1925 582 1964 c.
598 1923 631 1978 r,
647 1923 713 1988 quo
727 1908 919 1987 ornamento
931 1901 1008 1966 otim
1026 1899 1083 1963 soli
1099 1898 1201 1986 equi-

166 2006 225 2058 tes·
240 1992 386 2058 Romani
408 1989 602 2075 gaudebant.
628 1989 717 2054 Nam
738 2001 855 2055 notum
879 1999 946 2070 est,
974 1987 1201 2054 Hannibalem

192 2095 241 2147 ost
256 2083 406 2170 praelium
422 2080 589 2142 Cannense
603 2078 746 2164 integros
761 2079 885 2143 modios
900 2099 1074 2144 aureorum
1087 2099 1203 2141 annu-

166 2107 533 2254 iorumssarthaginem
548 2166 686 2245 misisse,
703 2179 741 2231 ut
756 2169 949 2248 ostenderet,
965 2166 1202 2254 quantaequi»¹

166 2274 240 2326 tum
251 2260 481 2324 Romanorum
490 2254 708 2320 multitudoiu
718 2258 830 2346 praelio
840 2258 900 2324 isto
909 2257 1049 2346 perierit.
1063 2255 1104 2320 T.
1116 2255 1205 2320 Livs
1283 2255 1288 2268 '

168 2352 229 2416 lib.
248 2351 312 2428 23,
326 2372 354 2412 c.
374 2369 419 2416 25
438 2347 535 2410 Flor.
555 2344 614 2409 lib.
635 2345 747 2424 11,‹=..
769 2349 810 2425 6,
830 2347 860 2432 §
877 2351 933 2425 185
950 2345 989 2408 V
988 2345 1070 2410 aler.
1089 2345 1220 2410 Mox.-

166 2443 191 2504 Α
205 2457 254 2525 7,
270 2461 299 2500 c.
318 2458 356 2515 2,
372 2459 407 2498 n.
426 2437 482 2512 13,
498 2435 638 2520 exempl.
662 2445 728 2499 ext.
754 2433 823 2500 soti
843 2437 951 2522 itaque
970 2435 1092 2522 equites
1114 2433 1201 2498 olim

166 2547 280 2594 aureos
302 2523 469 2610 gestabant
495 2523 654 2603 annulos,
680 2545 782 2611 eoque
806 2524 924 2610 insigni
951 2545 1004 2588 eos
1029 2522 1202 2587 donabant

167 2617 351 2707 principes,
376 2633 456 2700 quos
473 2611 625 2676 admissos
643 2613 763 2680 vellent
781 2614 816 2678 in
834 2613 982 2678 ordinem
1003 2622 1200 2698 equestrem.

168 2709 260 2771 Suet.
280 2703 367 2771 Oaes.
385 2727 414 2767 e.
434 2704 480 2792 37
495 2711 527 2766 et
547 2697 592 2786 39
603 2725 616 2775 ,·
638 2701 677 2765 V
677 2701 758 2766 itett.
780 2727 807 2766 e.
833 2724 866 2766 12
877 2727 889 2782 ‚·
919 2702 1000 2766 Tne.
1020 2700 1099 2765 ltist.
1118 2701 1140 2764 l.
1164 2725 1177 2765 ι
1188 2751 1200 2780 ,

167 2821 197 2862 o.
215 2799 272 2874 15¹,
289 2795 319 2879 §.
339 2815 380 2870 2,
396 2801 428 2854 at
443 2791 502 2856 tit.
518 2813 559 2870 2,
574 2814 603 2855 e.
619 2796 684 2877 57,
700 2793 731 2876 §.
749 2795 785 2856 5.
803 2791 909 2857 Nimis
928 2792 1036 2876 itaque
1058 2789 1201 2854 liberalis

165 2883 229 2953 suit
248 2882 468 2971 iustinianus,
492 2879 632 2966 quinon
651 2881 754 2944 sotum
780 2879 951 2944 discrimen
968 2878 1050 2944 illud
1069 2877 1201 2944 liberti-

166 2973 289 3048 norum
309 2972 455 3050 sustulit,
472 2969 526 3034 sed
543 2992 584 3034 ex
599 2969 755 3034 libertinis
768 2967 844 3034 fecit
859 2969 1016 3056 ingenuos
1031 2977 1063 3030 et
1076 2967 1200 3047 eisdem

167 3086 281 3130 aureos
295 3061 432 3126 annulos
449 3058 626 3139 concessit,
642 3059 697 3146 qui
719 3057 799 3123 olim
818 3058 941 3147 proprii
960 3055 1092 3124 fuerunt
1105 3055 1201 3142 equi-

166 3167 239 3228 tum
253 3153 496 3218 Romanorum.

605 3230 608 3242 t

598 3257 629 3342 ς.
654 3251 763 3322 oxr.

211 3415 329 3500 Quum
348 3421 458 3476 autem
478 3403 556 3468 olim
574 3404 658 3467 inter
676 3415 854 3490 patronum
871 3413 903 3466 et
921 3394 1076 3470 libertum
1089 3401 1201 3472 officia

166 3499 318 3595 quaedam
335 3495 588 3571 intercesserint,
600 3496 707 3576 'eaque
723 3513 782 3556 nec
800 3492 999 3558 Justiniauus
1015 3491 1200 3575 sustulerit,
1215 3483 1221 3494 ’

167 3579 343 3684 quaeritur,
365 3579 454 3672 (tv.)
472 3583 506 3647 in
525 3605 591 3669 quo
603 3580 804 3646 constiterint
818 3581 892 3668 jura
913 3581 966 3644 itta
986 3581 1201 3668 patronatus?

163 3685 236 3750 Nos
248 3677 294 3770 (a)
307 3675 558 3758 fundamentum
572 3692 686 3735 eorum
695 3671 914 3752 ostendemus,
921 3671 956 3758 ᾗ.
975 3693 1056 3752 111,
1070 3669 1117 3760 (b)
1127 3671 1201 3764 ips.

165 3773 220 3840 itta
234 3777 308 3859 jura
320 3758 574 3847 recensebimus,
595 3760 626 3846 §.
646 3779 716 3826 ιη.
1162 3811 1166 3821 ,

176 3939 184 3958 ⁹
209 3861 257 3950 (a)
271 3853 537 3942 Fundamentum
551 3849 701 3915 omnium
712 3849 837 3938 jurium
851 3860 1042 3938 patronatus
1054 3843 1203 3936 eststcta
