2710 4504
235 269 353 370 mt'
527 290 961 382 Lmuaurmcm

232 389 496 476 luerint-Rome.
510 409 623 476 Primo
643 428 722 496 ergo
742 407 784 474 1⁰.
801 411 857 476 lex
873 408 1072 476 scribebatur
1090 431 1109 474 s
1126 395 1249 476 consuls
1309 416 1310 419 ’

231 499 284 566 vel
307 509 466 587 proetore,
481 497 637 564 dictatore
654 499 758 564 aliove
774 499 987 584 magistratu,
1013 509 1047 562 et
1070 494 1250 568 communi-

231 588 367 652 cabatur
389 609 466 652 cum
487 599 611 652 senatu.
635 597 679 651 ⁴2⁰.
704 587 815 654 bilex
837 587 963 654 senatui
983 587 1145 676 placeret,
1161 587 1251 652 fiebat

59 669 64 685 ’
109 740 112 745 .
145 679 147 684 ’
231 677 554 743 senatusconsultum
570 676 609 744 de
623 677 694 764 lege
706 675 848 746 serenda.
866 677 913 744 5⁰.
936 677 1025 744 Hinc
1041 677 1094 741 lex
1109 676 1250 768 promul·

232 765 395 870 gebatur,
418 763 441 830 i.
462 785 490 830 e.
515 765 761 856 proponebatur
782 766 910 855 publice
930 789 988 868 per
1011 765 1251 846 trinundinum,

231 855 264 920 td
282 866 350 935 est,
366 877 428 942 per
442 875 482 942 27
506 855 589 934 dies,
615 867 652 920 ut
679 856 899 943 unusquisque
915 853 994 920 civis
1011 877 1085 920 eam
1101 855 1203 940 legere
1222 864 1253 918 et

230 945 546 1032 expendereposset.
564 943 612 1010 4⁰.
631 945 718 1010 Hinc
734 943 958 1010 indicebantur
973 944 1105 1010 comitia
1118 994 1128 1020 ‚
1143 942 1253 1032 quibus

232 1033 351 1119 singuli
367 1033 655 1098 cives'intererant.
671 1035 719 1098 5⁰.
735 1035 835 1100 Facta
850 1031 1007 1100 redivina
1023 1033 1172 1122 prodibat
1186 1054 1254 1097 ma·

231 1124 383 1208 gis-iratus
396 1123 596 1203 senatorius,
619 1135 650 1186 et
672 1123 776 1209 legem
797 1123 932 1210 rogabat
954 1121 1096 1190 formula
1116 1121 1254 1189 :Velitis

227 1211 390 1300 jubeatis,
408 1211 574 1296 Quirites,
594 1235 637 1276 an
656 1212 726 1276 haec
742 1213 796 1279 lex
819 1213 1003 1301 recipienda
1018 1212 1082 1280 siti
1106 1211 1152 1276 6⁰.
1169 1212 1254 1276 Tum

231 1301 367 1386 singulis
389 1300 514 1366 civibus
534 1297 808 1368 distribuebantur
829 1303 904 1367 dure
925 1301 1068 1382 tabuloe,
1095 1323 1183 1381 una,
1206 1299 1255 1364 cui

212 1389 427 1478 xinscriptum
442 1388 477 1454 A
499 1387 652 1478 (antiqua
668 1389 812 1480 probo),
833 1413 919 1470 una,
944 1393 998 1454 cui
1022 1383 1185 1478 inscriptas
1201 1389 1255 1453 lit·

231 1489 310 1544 terae
326 1480 373 1545 V.
392 1479 435 1544 R.
450 1479 517 1566 (uti
539 1479 666 1564 rogas).
690 1481 736 1567 7⁰.
761 1480 848 1544 llinc
870 1503 968 1567 porro
991 1479 1076 1544 cives
1096 1477 1256 1543 centuria-

231 1567 291 1631 tim
311 1568 360 1655 vel
377 1568 524 1632 tributim
542 1555 705 1657 ibant'per
721 1581 827 1657 partes
838 1618 847 1648 ,
859 1581 890 1634 et
907 1570 1098 1634 alterutram
1115 1568 1256 1642 tabulam
1326 1567 1327 1574 '

151 1727 153 1732 ,
231 1656 449 1742 conjiciebant
463 1656 499 1720 in
514 1658 673 1721 cistulam.
689 1651 858 1744 Quidquid
873 1679 951 1743 ergo
965 1658 1108 1746 placeret
1123 1656 1256 1734 civibus,
1328 1702 1329 1730 ,

231 1747 266 1812 id
282 1747 409 1810 licitum
423 1757 514 1827 erat,
530 1753 748 1834 poterantque
761 1748 817 1811 uel
834 1747 971 1836 probare
987 1749 1094 1834 legem
1107 1746 1184 1826 ,rel
1200 1766 1257 1812 an·
1329 1788 1330 1798 η

231 1837 370 1922 tiquare.
389 1836 437 1902 8⁰.
455 1835 605 1921 Denique
621 1836 834 1925 dinumeratis
855 1837 1000 1914 tabellis,
1019 1837 1046 1901 si
1059 1837 1170 1926 plures
1184 1855 1258 1899 cum
1330 1874 1331 1884 κ

232 1926 339 1992 littera
356 1923 401 1990 A.
417 1925 680 2012 reperiebantur,
698 1927 753 1992 lex
769 1949 830 2015 pro
846 1929 964 2011 rejecta
989 1925 1171 1998 habebatur
1186 1950 1195 1988 a
1211 1923 1257 1987 sin

231 2015 342 2102 plures
358 2037 436 2078 cum
452 2016 563 2078 litteris
580 2016 627 2081 V.
644 2016 688 2082 R.
709 2016 763 2080 lex
783 2027 954 2101 tamqnam
969 2015 1083 2104 populi
1105 2013 1258 2099 suffragiis

217 2103 667 2193 probatapromulgabatur.
686 2104 783 2168 Plura
806 2103 951 2168 diximus
966 2106 1000 2166 in
1016 2095 1141 2193 Antiq'.
1158 2101 1258 2169 lions.
1333 2129 1334 2150 .

232 2197 269 2258 Ιι.
284 2203 307 2258 t.
324 2194 400 2280 lam
417 2213 495 2278 ergo
509 2190 602 2256 facile
617 2193 828 2278 intelligimus
844 2193 1067 2258 definitionem
1082 2191 1172 2279 legis‘.
1190 2191 1259 2260 Lex
1334 2214 1335 2224 ¹

231 2293 300 2360 est,
317 2304 416 2366 quana
433 2282 572 2372 populus
589 2282 758 2346 Romanus
773 2283 981 2370 (universus)
1003 2283 1165 2348 senatorio
1188 2303 1260 2346 ma-

233 2371 370 2455 gistratu
395 2371 516 2456 (veluti
539 2371 702 2450 consule,'
718 2371 767 2436 vel
795 2384 955 2460 praetore,
982 2371 1035 2435 vel
1061 2363 1260 2456 dictatore),

149 2523 151 2526 .
232 2457 410 2523 constitnit.
436 2459 607 2524 Nimirum
631 2461 707 2526 inde
736 2471 848 2550 patet,
878 2459 976 2526 libera
1001 2459 1169 2548 republica
1195 2458 1261 2524 duo

206 2579 210 2583 ·
230 2546 326 2613 fuisse
342 2547 420 2633 legis
434 2548 610 2634 requisita:
636 2559 678 2614 1⁰.
699 2560 737 2612 ut
752 2551 806 2614 lex
825 2547 963 2616 ferretur
980 2571 999 2613 a
1023 2560 1093 2614 toto
1116 2548 1261 2640 populo,

232 2636 289 2724 qui
304 2659 321 2702 e
338 2636 482 2725 patriciis
503 2647 536 2702 et
554 2637 687 2726 plebeiis
708 2638 903 2720 constabat3
924 2638 970 2704 2⁰.
993 2649 1030 2702 ut
1053 2635 1193 2706 ferretur
1208 2659 1262 2703 rc·

231 2737 329 2816 gente
344 2725 535 2814 magistratu
550 2727 721 2793 senatorio.
1133 2739 1136 2746 ’

626 2890 865 2980 cxcvu.

276 3051 377 3120 Unde
398 3051 508 3120 statim
539 3050 775 3138 intelligimus,
806 3049 972 3138 quomodo
997 3049 1109 3138 alege
1136 3049 1263 3116 differat

224 3140 454 3212 'Plebiscitum
471 3142 545 3206 Hoc
567 3139 657 3206 euim
676 3148 717 3205 ι’.
737 3161 806 3206 nou
821 3162 840 3206 a
855 3150 924 3204 toto
939 3139 1068 3228 populo
1082 3137 1262 3218 serebatur,

229 3229 289 3296 sed
301 3253 320 3294 a
334 3231 408 3294 solis
424 3229 570 3318 plebeiis3
586 3237 629 3294 2⁰.
647 3251 713 3294 non
727 3240 863 3316 rogante
878 3229 1070 3314 magistratu
1085 3228 1262 3308 senatorio,

233 3319 288 3384 sed
310 3319 458 3405 plebeio,
483 3317 506 3383 i.
528 3339 557 3384 e.
580 3317 712 3383 tribuno
736 3317 846 3404 aliquo
870 3313 981 3408 plebis.
1010 3315 1126 3404 Quum
1150 3309 1262 3396 enim,

233 3407 343 3492 ejectis
355 3408 502 3493 regibus,
516 3407 664 3471 maxima
678 3418 756 3472 esset
772 3409 856 3473 inter
867 3416 1026 3559 paueret
1042 3405 1182 3495 plebeios
1198 3405 1261 3470 dis·-

235 3495 368 3576 cordia,
391 3495 503 3584 illique
524 3495 782 3574 aristocratiam,
806 3493 841 3560 hi
890 3494 1100 3564 emocratiam
1121 3493 1262 3559 stabilire

235 3596 453 3666 conarentur,
468 3585 602 3649 demum
618 3584 653 3648 in
674 3593 821 3648 montem
833 3605 963 3650 sacrum
979 3595 1174 3650 secesserunt
1188 3581 1262 3672 ple-

234 3673 316 3752 beii,
334 3694 394 3738 nec
411 3672 502 3761 prius
514 3673 633 3738 reversi
647 3684 724 3737 sunt
739 3673 774 3738 in
791 3672 927 3754 urbem,
948 3693 1048 3760 quam
1064 3671 1261 3760 singularem

233 3761 459 3852 impetrassent
472 3761 719 3848 magistratum,
734 3774 814 3852 pute
828 3761 976 3827 tribunos
987 3757 1105 3850 plebis,
1121 3759 1178 3846 qui
1193 3759 1262 3850 ples

232 3849 310 3920 bem
330 3851 481 3923 adversus
500 3851 674 3936 considam
689 3863 722 3920 et
735 3862 864 3934 serratus
878 3850 1020 3942 ,injurias
1033 3845 1260 3929 defenderent,
