2644 4504
228 348 292 438 296
472 349 643 419 ursus
666 351 701 434 1,
726 341 833 420 r1r.
857 353 1012 426 xxiv.
1123 361 1125 368 ’

594 513 625 600 ς.
650 509 892 584 cccxxx.
915 599 917 607 s

269 659 324 726 Ex
338 656 389 726 his
402 681 481 747 ergo
494 658 587 728 facile
605 661 705 728 etiam
724 672 813 750 patet
823 711 834 744 ,
852 685 952 752 quam
972 662 1014 727 ob
1032 665 1171 727 caussam
1189 659 1238 724 iu·

225 759 323 815 venta
338 749 378 813 sit
391 749 460 814 haec
474 751 646 816 satisdatio.
662 752 752 816 Nam
768 759 814 818 1⁰.
827 763 933 829 tutor,
947 751 1094 838 quamvis
1105 769 1237 840 persone
1309 755 1310 760 ’

191 863 195 873 ’
223 837 320 902 detur
339 838 517 926 primario,
535 851 645 906 tamen
660 852 693 904 et
711 863 762 906 res
777 841 894 930 pupilli
909 839 1111 906 administrat
1126 865 1134 902 ι
1149 858 1237 902 cura·

223 936 277 990 tor
294 939 405 992 autem
421 927 577 1016 primario
595 929 690 994 rebus
708 929 814 996 datur.
836 927 940 1018 Atqui
960 927 1114 1015 generalis
1127 927 1178 992 illu
1191 946 1237 989 re·

222 1015 300 1101 gula
323 1026 390 1096 est,
416 1027 474 1094 ut,
497 1017 554 1104 qui
579 1019 806 1084 administrant
829 1019 881 1086 ras
901 1017 1040 1095 alienas,
1060 1028 1093 1082 et
1110 1015 1238 1080 rationes

221 1105 361 1170 reddant
382 1115 414 1170 et
432 1104 595 1172 satisdant.
615 1107 728 1194 Atque
750 1107 828 1174 hinc
847 1119 880 1172 et
898 1107 1169 1171 administratores
1192 1099 1237 1166 rel

222 1204 449 1282 procuratores
466 1217 578 1260 rerum
597 1194 777 1278 fiscalium,
795 1196 1008 1261 conductores
1025 1194 1237 1286 praediorum,

221 1281 327 1347 immo
347 1293 378 1347 et
398 1282 628 1349 usufructuarii
645 1306 761 1350 cavero
776 1285 947 1369 jubentur,
966 1285 1042 1372 quia
1059 1283 1152 1349 rebus
1168 1279 1238 1344 elie·

221 1371 273 1436 uis
291 1381 440 1438 utuntur.
456 1371 545 1458 Ergo
556 1384 588 1438 et
599 1385 720 1440 tutores
732 1384 765 1440 et
774 1385 948 1440 curatores.
963 1381 1006 1440 αθ.
1024 1370 1162 1438 Accedit
1174 1389 1240 1456 spe·

219 1460 312 1526 cialis
329 1459 422 1525 favor
440 1463 654 1550 pupillorum.
675 1464 811 1527 interest
834 1463 923 1528 enim
942 1461 1149 1550 reipublicae,
1171 1479 1220 1523 eoa
1231 1504 1240 1535 ,

220 1549 315 1614 omni
330 1550 455 1614 auxilio
472 1551 656 1630 destitutos,
675 1551 840 1638 vigilantia
855 1552 1105 1638 magistratuum
1121 1571 1168 1614 res
1178 1567 1241 1611 suas

219 1639 325 1703 salvas
342 1639 472 1704 haliere.
485 1639 524 1704 Id
541 1653 619 1706 vero
629 1639 700 1708 fieri
711 1639 779 1706 non
792 1653 914 1732 posset,
927 1640 988 1706 uisi
997 1639 1148 1706 satisdare
1155 1635 1240 1725 jube·

121 1753 134 1776 ν
221 1739 698 1796 renturtutoresetcuratores.
751 1763 754 1768 ·
820 1769 821 1778 .

400 1892 431 1977 §-
455 1890 709 1958 CCLXXXI
730 1901 763 1956 et
784 1889 1073 1960 chXXXII.
1156 1905 1167 1934 t
1309 1919 1310 2014 p

265 2054 329 2122 Sed
345 2065 457 2118 tamen
475 2075 553 2118 cum
572 2075 640 2118 uon
654 2074 766 2118 ornnes
782 2063 902 2120 tutores
918 2053 971 2120 vel
988 2065 1154 2120 miratores
1170 2072 1240 2158 pro·

219 2144 343 2210 misum
363 2141 513 2208 satisdare
540 2153 721 2229 cogantur,
744 2144 876 2230 quaestio
896 2143 966 2224 jam
992 2144 1089 2210 tertia
1114 2139 1240 2220 incidit,

220 2233 347 2322 quibus
365 2232 427 2298 lucc
449 2255 536 2297 onus
558 2231 757 2312 incumbat,
785 2231 839 2298 cel
860 2255 931 2298 nou
956 2231 1163 2300 incumbat?
1185 2229 1240 2310 Hic

219 2333 332 2388 nonro
357 2342 449 2386 more
472 2320 700 2410 promittimus
724 2321 856 2386 astioma
879 2321 1051 2408 generale,
1078 2343 1122 2388 ex
1147 2339 1241 2406 eoque
1308 2285 1309 2354 l

217 2409 335 2476 deinde
349 2409 500 2496 speciales
514 2411 735 2475 conclusiones
748 2409 906 2476 elicimus.
923 2411 1081 2477 Axioma
1088 2405 1242 2500 generale

218 2511 265 2564 est
285 2524 294 2562 ι
314 2495 443 2564 Omnes
463 2509 590 2564 tutores
610 2497 665 2563 vel
678 2510 854 2566 curatores
873 2511 1033 2567 tenentur
1051 2499 1242 2574 satisdare,

180 2575 190 2652 ε’
219 2589 259 2654 in
278 2609 363 2676 quos
382 2587 477 2652 cadit
498 2587 572 2652 ullu
589 2589 749 2676 euspicio.
768 2586 856 2653 Nam
878 2589 911 2654 id
930 2609 973 2656 ex
996 2587 1060 2656 fine
1077 2589 1175 2676 hujus
1194 2605 1242 2650 sa·
1307 2661 1308 2664 Ἴ

139 2743 147 2758 ,
220 2673 420 2756 tiadationis,
434 2675 475 2740 de
498 2693 564 2762 qno
579 2676 610 2763 §.
630 2677 693 2742 280
713 2675 877 2756 diximus,
899 2689 998 2766 patet.
1020 2678 1099 2744 ldeo
1116 2674 1242 2745 satisda·
1306 2679 1308 2746 l

216 2779 295 2846 tm,
312 2775 349 2829 ut
366 2764 485 2854 pupilli
499 2787 549 2830 res
565 2765 662 2831 salvas
679 2765 753 2832 siat.
774 2765 809 2832 Si
822 2788 900 2852 ergo
916 2767 1047 2832 nullum
1063 2765 1242 2856 periculum
1307 2753 1308 2812 l

216 2856 277 2936 sit,
298 2877 339 2920 ne
359 2864 450 2920 tutor
470 2855 521 2920 vel
540 2866 672 2920 curator
686 2877 737 2920 res
750 2855 868 2946 pupilli
882 2853 1090 2937 intervertat,
1109 2861 1243 2920 cessante

217 2967 327 3012 caussa
348 2942 465 3010 merito
480 2943 578 3010 etiam
599 2954 695 3010 cesset
707 2943 858 3025 effectus,
876 2967 953 3010 nem
978 2944 1183 3010 esatisdatio.
1196 2941 1242 3004 Ex

216 3035 281 3100 hoc
293 3032 458 3100 axiomata
475 3031 517 3098 ιο.
530 3031 702 3114 discimus,
716 3033 773 3121 qui
791 3055 859 3100 aon
876 3034 933 3100 sat'
972 3044 1047 3116 ent,
1062 3045 1110 3102 2⁰.
1131 3031 1242 3122 quisa-

214 3124 520 3209 tisdarecogantur.
1306 3149 1307 3196 t

179 3223 182 3230 '
261 3213 291 3278 Ι.
307 3213 386 3278 Non
404 3211 555 3278 satisdare
576 3221 740 3298 coguntur
759 3219 802 3277 ι’.
818 3222 941 3276 tutores
956 3222 1150 3278 testamento
1169 3205 1240 3273 dati.
1263 3253 1285 3270 ..
1306 3219 1307 3240 ¹

98 3286 114 3359 l
171 3268 181 3338 i
216 3301 309 3368 Cur?
324 3301 412 3388 Quia
428 3313 520 3390 pater
535 3299 661 3368 videtur
678 3303 714 3365 in
728 3323 854 3367 morem
869 3311 901 3365 et
914 3299 1013 3368 fidem
1028 3301 1114 3367 illius
1122 3351 1132 3382 ,
1148 3317 1241 3387 quem

215 3391 326 3476 liberis
355 3401 499 3454 tutorem
530 3389 619 3454 dedit
630 3439 640 3470 ,
670 3389 840 3476 diligenter
868 3390 1089 3478 inquisivisse,
1115 3389 1241 3477 ejusque

214 3477 316 3548 fidem
336 3490 368 3544 et
386 3479 580 3544 industriam
598 3489 800 3568 perspectam
814 3477 980 3562 habuisse,
996 3481 1018 3544 l.
1031 3500 1078 3566 7,
1093 3481 1126 3565 ς.
1142 3482 1186 3558 5,
1205 3473 1240 3539 0.

215 3571 260 3636 de
278 3591 351 3636 cur.
363 3567 495 3655 flarius.
510 3569 596 3634 Cum
610 3569 718 3654 itaque
733 3567 769 3632 in
788 3568 847 3634 hos
862 3569 952 3634 nulla
967 3567 1061 3636 cadat
1081 3563 1239 3656 suspicio,

213 3682 290 3726 sane
312 3679 370 3748 per
388 3657 519 3722 axioma
534 3669 684 3724 nostrum
705 3657 822 3723 merito
841 3656 882 3722 ab
905 3659 968 3726 hoc
990 3679 1088 3724 onere
1110 3653 1239 3721 satisda-
1305 3677 1306 3690 ¹

213 3749 310 3818 nouis
327 3746 518 3814 liberantur.
538 3755 583 3814 2⁰.
600 3746 677 3810 Dati
691 3769 709 3810 a
723 3746 900 3832 majoribus
913 3746 1168 3834 magistratibus,
1187 3763 1237 3807 ve·
1264 3783 1287 3798 -

131 3907 133 3915 ,
154 3897 169 3912 ,,
212 3839 273 3905 luti
290 3835 548 3927 p1·aetore,Coss.
572 3835 763 3930 praesidibus
782 3837 1039 3925 provinciarum.
1055 3835 1152 3902 Ratio
1172 3841 1235 3908 est,

211 3929 290 4018 quia
309 3926 347 3998 hi
361 3925 503 4024 majores¹
520 3924 726 4015 magistratus
746 3947 814 3992 non
827 3927 931 3996 solent
945 3937 1067 3996 tutores
1086 3923 1146 3993 nisi
1161 3939 1233 3988 cum
