2756 4504
176 372 177 376 ,
260 316 322 384 DE
332 317 477 385 REBUS
490 315 688 385 CORPOR.
703 315 764 382 ΕΤ
779 313 1028 383 INCORPOR.
1088 313 1154 402 575

86 421 87 424 ¹
136 425 187 492 vel
205 425 551 514 sensibus‘percipilur.
575 424 663 510 Ergo
687 445 739 488 res·
754 424 936 510 corporales
952 425 1025 488 sunl
1043 443 1156 486 omnes
1185 496 1187 500 ‚

137 537 186 580 res
206 515 406 595 materiales3
421 508 640 602 incorporales
656 523 768 578 contra
789 512 913 592 omnia,
935 533 1007 600 quae
1029 509 1156 596 injure

139 604 333 682 consulunt,
347 625 376 669 e.
397 624 429 690 g.
455 605 507 689 jus
534 601 671 669 venandi
685 650 695 683 ‚
708 601 762 688 jus
790 601 943 682 dominii,
969 601 1156 676 servitutes,

138 693 361 780 obligationes.
380 693 461 756 Haec
477 691 563 756 enim
577 692 685 776 omnia
698 691 789 754 nullo
803 712 895 754 sensu
910 689 1157 778 percipiuntur,

138 783 287 868 quamvis
301 779 429 845 effectus
452 802 566 844 eorum
581 779 614 842 in
628 778 738 842 oculos
759 779 900 866 aliosque
917 799 1025 842 sensus
1043 779 1159 856 incur-

140 882 226 935 rant.
242 872 285 936 Et
300 870 374 934 inde
390 866 481 934 facile
496 867 653 932 deciditur
673 867 822 954 quaestio,
848 890 890 931 an
905 867 1042 956 pecunia
1054 867 1095 932 sit
1108 885 1161 931 res

141 959 339 1049 corporalis?
354 957 451 1046 Resp.
464 957 536 1046 Ipsa
549 955 703 1037 materia,
722 955 743 1020 i.
757 961 785 1019 ε’.
802 978 940 1035 aurum,
961 965 1134 1042 argentum
1148 999 1160 1034 ,

9 1051 10 1069 ¹
91 1081 93 1086 ·
143 1051 390 1135 assignatum,
416 1047 502 1132 quod
526 1045 697 1134 pecuniam
721 1066 899 1126 vocamus,
924 1045 1040 1133 procul
1058 1042 1162 1108 dubio

145 1137 313 1226 corporale
328 1147 374 1201 est
388 1133 546 1200 :incurrit
566 1133 702 1200 enimin
716 1156 833 1198 sensus.
850 1134 898 1200 At
913 1134 1004 1200 valor
1018 1133 1070 1197 vel
1086 1153 1165 1220 pre-

144 1225 423 1302 numinianum,
437 1223 524 1312 quod
536 1225 680 1310 pecuniae
693 1223 787 1304 inest,
807 1233 854 1288 est
870 1221 1174 1311 res-incorporalis,

146 1335 253 1402 neque
266 1312 356 1380 enim
369 1311 454 1377 istud
469 1311 569 1378 videri
580 1361 591 1392 ,
613 1311 732 1391 audiri,
752 1311 842 1399 tangi
855 1311 906 1378 vel
916 1311 984 1376 ullo
998 1311 1062 1376 alio
1075 1331 1168 1378 sensu

146 1403 291 1496 percipi,
308 1403 363 1467 sed
375 1401 485 1468 animo
499 1412 627 1466 tantum
638 1400 774 1487 intelligi
785 1411 899 1490 potest.

289 1528 303 1550 Χ

189 1557 288 1614 Codex
301 1566 401 1614 noster
415 1573 477 1612 non
495 1553 600 1610 dividit
613 1571 661 1610 res
679 1552 711 1608 in
728 1557 892 1629 corporales
905 1564 934 1610 et
951 1554 1147 1628 incorporales
1158 1567 1171 1622 ‚··

146 1639 243 1698 sedin
256 1639 374 1696 mobiles
387 1651 416 1694 et
426 1637 604 1704 immobiles,
618 1647 673 1691 art.
685 1634 746 1693 516.
767 1637 840 1706 Quae
855 1633 960 1690 divisio
980 1634 1067 1690 etiam
1082 1635 1168 1710 prio-

147 1740 212 1779 rem
223 1719 426 1796 complectitur
437 1739 444 1773 :
456 1717 561 1774 etenim
572 1717 649 1772 iuter
661 1735 707 1774 res
717 1716 917 1790 incorporales
929 1717 1064 1790 quasdam
1074 1729 1104 1774 et
1114 1716 1171 1772 irn-

149 1802 272 1862 mobiles
286 1811 463 1869 censentur,
484 1811 539 1856 αντ.
553 1795 626 1870 5265
640 1797 775 1873 quaedam
788 1797 930 1867 mobiles,
945 1810 999 1854 art.
1016 1795 1078 1877 dap.
1129 1795 1133 1806 '

436 1955 467 2040 a.
491 1951 883 2025 occnxxxvnr.

170 2115 173 2139 ¹
195 2116 369 2196 Vidimus,
390 2127 463 2202 queo
474 2137 524 2179 res
537 2114 600 2178 sint
612 2113 794 2204 corporales
804 2126 836 2180 et
845 2115 1065 2204 incorporales
1081 2113 1173 2201 sjanr'

153 2203 193 2274 de
204 2229 318 2271 earum
332 2215 448 2269 natura
463 2215 494 2269 et
506 2203 615 2269 indole
631 2203 809 2291 quaeritur,
827 2205 849 2269 i.
871 2227 899 2270 e.
913 2205 1175 2291 investigandum

150 2298 221 2386 jam
235 2315 354 2386 porro,
368 2293 451 2380 quid
458 2292 583 2377 justum
597 2291 635 2357 sit
646 2293 732 2358 circa
743 2315 794 2358 res
801 2292 1038 2384 incorporales,
1054 2305 1084 2358 et
1098 2293 1178 2382 quid

154 2407 224 2475 proe
244 2382 465 2472 corporalibus
486 2381 629 2448 habeant
651 2381 818 2472 praecipui.
842 2381 894 2446 Fur
908 2382 975 2474 ipsa
992 2379 1179 2450 delinitione

155 2475 247 2554 fluit,
264 2479 308 2538 1⁰.
320 2493 370 2537 res
385 2471 602 2560 incorporales
616 2493 685 2537 non
697 2470 861 2560 possideri.
876 2470 966 2554 Rem
976 2473 1063 2539 enim
1078 2471 1180 2562 possi·
1202 2491 1236 2508 ···

158 2563 233 2627 dere
247 2575 293 2626 est
307 2569 380 2626 cani
396 2560 556 2642 detinere,
574 2561 604 2624 ei
617 2559 824 2642 incumbere,
837 2582 909 2626 eam
928 2562 1071 2628 custodia
1088 2583 1182 2626 coer·

158 2673 241 2716 cers.
253 2649 336 2716 Haec
349 2646 459 2716 omnia
470 2671 539 2714 non
553 2647 717 2730 caduntin
726 2671 777 2715 res
786 2647 1015 2739 incorporales.
1028 2649 1115 2736 Quia
1131 2662 1182 2714 ta·
1270 2709 1273 2717 ,

158 2763 236 2809 men
251 2749 284 2804 el
297 2759 346 2805 res
357 2738 575 2828 incorporales
586 2738 734 2825 relicta,
746 2748 853 2803 nostra
869 2749 962 2820 sunt,
975 2738 1053 2805 hinc
1067 2739 1184 2816 ‹licun-

159 2841 214 2896 tur
222 2827 313 2917 quasi
322 2827 488 2916 possideri,
499 2826 656 2914 quamdiu
666 2826 721 2892 illa
730 2847 918 2893 exercemus
931 2827 1032 2914 iisque
1046 2828 1185 2913 utimur,

158 2919 212 2986 rel
226 2915 371 3007 potentia
384 2915 546 3006 pollemus
560 2915 615 2980 illa
628 2915 810 2981 exercendi.
827 2921 872 2980 2⁰⁴.
884 2916 950 2981 Res
967 2916 1187 3007 incorporales
1216 2943 1247 2962 *-

162 3029 232 3074 non
257 3005 356 3087 tradi,
378 3005 434 3070 sed
461 3002 552 3094 quasi
579 3004 673 3068 tradi.
698 3003 785 3068 Rem
800 3005 872 3091 jam
893 3006 1128 3096 explicavimus
1146 3005 1189 3074 ad

163 3093 298 3252 pibbr.
333 3093 379 3160 5⁰.
414 3093 480 3160 Res
502 3093 719 3182 incorporales
753 3116 821 3158 non
856 3117 920 3160 esse
955 3095 991 3160 in
1028 3094 1188 3162 dominio.
1218 3120 1258 3148 ···

199 3207 255 3250 am
271 3182 455 3262 dominium
469 3204 564 3272 supra
577 3183 607 3266 ς.
620 3182 703 3262 555,
722 3181 890 3246 definitum
903 3193 949 3248 est
957 3232 967 3265 ,
986 3184 1074 3270 quod
1087 3183 1127 3248 sit
1137 3186 1191 3273 jus

165 3275 200 3342 in
216 3295 252 3339 re
267 3272 441 3360 corporali.
462 3272 551 3358 Ergo
567 3270 672 3334 dicere
683 3294 751 3336 non
764 3294 954 3360 possumus,
975 3274 1027 3362 jus
1047 3274 1193 3363 pignoris

168 3375 219 3432 est.
236 3362 270 3427 in
294 3361 441 3444 dominio
467 3362 706 3444 meo,servitus
725 3372 771 3426 est
792 3362 827 3426 iu
852 3361 1016 3444 dominio,
1040 3362 1193 3450 obligatio

7 3493 9 3592 p
138 3491 141 3496 ·
169 3451 241 3518 haec
256 3443 306 3514 est'
315 3451 351 3513 in
367 3443 512 3514 dominio
526 3471 611 3531 meo.
624 3447 780 3514 Attamen
799 3452 874 3538 quia
888 3461 920 3514 et
930 3452 1006 3540 jura
1023 3463 1055 3518 et
1068 3445 1196 3541 obliga·
1235 3465 1303 3540 ‘lu

170 3541 273 3606 tiones
303 3561 370 3602 non
395 3538 535 3603 reddunt
555 3539 798 3626 locupletiores,
814 3563 873 3606 nec
889 3542 994 3629 prelio
1015 3564 1073 3608 suo
1095 3543 1195 3608 desti-

175 3620 422 3710 tuuntuiffb‘rnc
437 3649 472 3692 ea
486 3627 640 3694 dicuntur
652 3629 687 3690 in
701 3627 792 3692 bonis
806 3652 885 3714 esse3
897 3652 961 3718 qua
972 3631 1012 3696 de
1025 3655 1061 3698 re
1072 3634 1200 3720 elegans
1216 3639 1269 3671 ‘⁸'

175 3719 267 3786 locus
281 3728 392 3783 exalat
403 3717 441 3783 in
453 3717 478 3780 l.
487 3709 533 3800 ’49
542 3714 601 3804 ,ff
618 3717 659 3781 de
674 3711 715 3782 V
712 3761 721 3780 .
734 3717 769 3782 S.

216 3879 344 3938 Possunt
364 3893 411 3936 res
435 3873 638 3950 incorporales
658 3869 822 3951 possideri:
846 3875 1011 3950 exemplum
1029 3887 1071 3934 ost
1090 3877 1120 3934 in
1138 3897 1203 3938 ser-

957 3957 1082 4033 nat,
