2646 4496
219 299 284 366 wc
499 297 966 383 umuuuruuxu
1052 249 1056 257 ¹

214 409 316 474 trati?
330 407 430 497 Resp.
446 407 612 497 Spadones
636 409 687 474 hic
706 421 798 490 sunt,
815 433 958 498 quorum
976 407 1242 500 impedimentum

214 499 260 562 eit
283 497 537 588 temporarium,
557 500 658 565 veluti
677 521 696 564 e
715 497 852 569 morbo:
866 499 1009 565 eunuchi
1029 499 1080 566 vel
1104 501 1241 582 castrati,

214 587 321 676 quiin
335 600 534 678 perpetuum
547 587 775 678 impediuntur
789 587 831 654 ob
844 590 1075 674 exsectionem.

258 729 422 808 Cornuti]
451 733 524 788 Jure
548 737 652 789 no'stro
673 731 716 790 nil
738 729 878 808 prohibet
898 733 1060 810 quominus
1083 744 1111 790 et
1133 729 1248 790 castrati

214 812 369 887 adoptent.
604 863 608 868 .
1103 833 1105 840 ·
1312 821 1313 872 ζ

258 893 673 972 Impuberes.]1mpubercs‚
691 894 761 968 jure
784 907 911 966 nostro,
930 899 978 954 rel
998 917 1035 955 ex
1055 912 1091 955 eo
1111 895 1246 970 adoptare
1312 899 1313 902 ’

215 997 279 1034 nou
290 988 418 1052 possunt
432 977 517 1052 quod
531 978 629 1034 minor
642 977 780 1053 adoptari
793 980 914 1054 nequit,
931 993 960 1037 et
974 981 1121 1056 adoptans
1133 977 1246 1052 adopti-

215 1073 289 1118 vum
304 1059 399 1116 filium
410 1059 498 1133 pleni
512 1059 669 1133 pubertate
684 1061 848 1135 procedere
861 1061 975 1124 debeat.
991 1065 1031 1118 bi
1046 1081 1125 1120 mort

255 1140 421 1219 Ferreum]
435 1141 589 1217 Adoptare
607 1147 734 1217 possunt
754 1143 847 1212 etiam,
860 1142 929 1216 jur‘e
951 1144 1079 1219 antiquo
1099 1147 1245 1202 Romano-

215 1244 296 1283 rum.
316 1227 398 1280 Uer.
404 1223 491 1300 frag.
505 1226 547 1283 ιιί.
568 1226 588 1283 8
596 1266 606 1293 ,
624 1223 651 1302 ᾗ
669 1225 697 1282 5.
714 1225 800 1281 Adde
814 1229 832 1283 l.
848 1245 887 1292 ar,
894 1227 940 1300 ff.
952 1229 990 1282 dc
999 1229 1102 1301 adopt.
1117 1224 1193 1282 idem
1206 1233 1244 1279 est

152 1315 154 1323 “
217 1306 301 1384 apud
312 1320 367 1362 nus
380 1305 449 1378 jure
463 1324 557 1364 noro.
576 1306 647 1364 Cocl.
660 1299 742 1382 Nep.
753 1317 808 1362 ort.
820 1305 895 1365 343.

257 1390 352 1446 Annis
361 1389 395 1446 18
399 1391 574 1462 proecedere
584 1387 915 1466 debenti-Quindecim.
930 1389 1003 1447 Cod.
1019 1391 1101 1466 an.
1116 1383 1243 1446 credid.
1313 1415 1314 1458 1

257 1473 289 1528 Si
300 1468 465 1548 nepotem]
484 1472 500 1526 J
503 1487 557 1532 ure
567 1473 722 1540 Romano,
734 1486 796 1527 non
807 1473 903 1528 solum
914 1471 1057 1528 inlocum
1071 1471 1124 1527 iiiii
1136 1477 1245 1546 poterat

217 1553 375 1628 adoptari,
396 1552 447 1608 sed
467 1564 495 1608 et
515 1553 663 1609 inlocum
685 1553 812 1628 nepotis.
835 1555 910 1612 Jura
930 1566 1032 1610 nostra
1057 1563 1172 1621 autem,
1192 1569 1247 1607 nou

135 1667 137 1673 ι
217 1635 395 1712 permittunt
410 1646 444 1690 ut
456 1633 523 1709 quis
537 1635 603 1690 loeo
615 1634 732 1709 nepotis
744 1633 867 1709 adoptet
878 1657 886 1708 3
902 1637 1018 1712 quoties
1029 1637 1109 1694 enim
1121 1635 1157 1694 de
1167 1631 1249 1708 adop

213 1719 297 1778 tione
312 1717 498 1794 loquuntur,
512 1713 681 1794 intelligunt
693 1715 730 1774 de
741 1715 902 1792 adoptione
914 1719 945 1774 in
956 1719 1057 1776 locum
1068 1717 1130 1775 filii

579 1867 892 1956 ecnxxvu

197 2083 207 2120 t„
262 2034 420 2104 Vidimus
434 2029 533 2096 etiam
547 2027 599 2118 (5.
618 2028 712 2116 175.)
722 2077 732 2110 ,
744 2031 780 2094 in
796 2029 983 2096 definitione
1000 2031 1093 2097 hunc
1110 2029 1244 2121 exprimi
1314 2061 1315 2064 ¹

218 2121 402 2215 adoptionis
415 2121 534 2200 finem,
546 2119 583 2182 in
592 2119 746 2182 solatium
759 2139 893 2201 eorum,
909 2121 967 2208 qui
980 2121 1098 2186 liberos
1114 2143 1180 2186 non
1193 2119 1247 2184 ha·

217 2216 314 2296 bem,
330 2215 501 2280 iuventam
519 2229 582 2274 esse
601 2208 830 2296 adoptionem:
844 2211 932 2296 quod
947 2210 1040 2276 nobis
1058 2231 1182 2277 noram
1198 2209 1247 2274 dat
1313 2207 1315 2222 '

219 2306 372 2384 axioma,
386 2301 473 2366 unde
485 2311 548 2364 tres
558 2295 780 2363 conclusiones
790 2297 910 2364 fluunt.
926 2301 970 2364 1⁰.
984 2299 1085 2386 Quod
1098 2301 1244 2388 adoptare

166 2365 193 2405 ἢ
217 2393 381 2460 ordinarie
391 2399 573 2476 nequeant,
586 2389 642 2474 qui
654 2387 804 2453 nondum
815 2400 891 2453 sunt
904 2408 1070 2456 annorum
1084 2391 1138 2456 60.
1154 2391 1177 2455 l.
1196 2409 1245 2472 ry,

164 2545 192 2576 μ
219 2487 251 2571 §.
263 2505 304 2564 2,
319 2483 411 2548 Inst.
430 2481 464 2544 h.
478 2490 502 2542 t.
520 2485 572 2542 2⁰c
579 2476 679 2562 Quod
694 2498 755 2542 uec
767 2477 804 2542 iis
817 2477 910 2544 facile
921 2481 1132 2568 permittatur
1148 2479 1245 2565 adop-

219 2585 307 2653 tare,
320 2569 437 2659 quibus
445 2568 517 2655 jem
528 2577 603 2630 sunt
614 2565 708 2630 liberi
720 2569 899 2649 naturales,
914 2569 937 2633 l.
954 2593 1006 2658 ry,
1021 2571 1051 2655 5.
1069 2574 1093 2635 3
1101 2619 1114 2650 ,
1154 2557 1244 2633 ‚eod
1315 2583 1316 2630 t

142 2677 191 2706 ···
222 2665 268 2731 5⁰.
282 2657 684 2748 Quod,siquisinlocum
699 2657 825 2744 nopotis
838 2658 992 2746 adoptare
1004 2661 1093 2738 velit,
1130 2659 1246 2724 iiicon·
1315 2661 1316 2670 ’

218 2775 329 2820 seusus
341 2749 541 2838 requiratur,
558 2745 581 2810 d.
598 2751 622 2812 5
633 2788 643 2824 ,
658 2746 680 2810 l.
695 2747 720 2809 6
724 2796 734 2825 ,
734 2745 782 2837 ff
796 2746 829 2810 h.
846 2758 870 2812 t.
883 2749 1060 2815 Postremae
1073 2745 1246 2814 conclusio-

221 2845 274 2910 nis
287 2841 373 2908 ratio
391 2841 426 2904 in
446 2847 605 2926 promptu
617 2845 674 2900 esta
685 2835 780 2902 Nam
794 2851 894 2926 nepos
911 2850 1044 2904 mortuo
1063 2859 1126 2906 arc
1141 2832 1246 2906 recidit

198 2935 200 2940 ’
219 2935 257 3000 in
273 2942 464 3024 potestatem
480 2928 597 3016 patris,
613 2925 775 3014 adeoque,
790 2926 816 2990 si
831 2939 925 3015 pater
941 2951 1032 2992 meus
1046 2929 1179 3018 adoptat
1192 2945 1245 2988 ue·

221 3035 334 3113 putem
345 3071 354 3102 ,
366 3033 446 3084 tunc
458 3030 549 3106 putre
560 3038 635 3082 meo
644 3027 777 3082 mortuo
787 3015 813 3081 is
824 3017 995 3106 adoptivus
1004 3017 1041 3082 fit
1050 3017 1134 3083 iilius
1144 3031 1244 3080 meust

219 3113 365 3191 attilius,
379 3111 441 3188 erit
461 3108 561 3172 etium
578 3107 682 3171 heres„
701 3106 756 3170 Sic
767 3106 859 3172 heres
875 3107 958 3176 mihi
977 3105 1081 3174 invito
1098 3101 1245 3186 obtrude-
1314 3123 1316 3190 j

220 3215 289 3268 tur.
303 3199 403 3287 Quod
416 3220 494 3262 cum
509 3194 671 3288 principia
683 3196 765 3281 juris
781 3196 926 3262 Romani
947 3219 1016 3262 non
1036 3196 1159 3275 ferant,
1180 3209 1246 3258 om·

218 3294 303 3360 nino
314 3288 505 3367 dicendum,
518 3286 576 3352 filii
586 3307 776 3350 consensum
788 3286 912 3374 requiri
923 3287 957 3352 in
969 3288 1142 3378 adoptione
1152 3300 1245 3368 nepe*

221 3382 272 3448 tis.
288 3379 337 3445 At
351 3379 390 3442 de
404 3375 566 3466 prioribus
583 3395 600 3438 2
619 3375 880 3442 conciusionibus
900 3398 950 3441 res
971 3389 1018 3443 est
1041 3378 1148 3467 paullo
1167 3367 1245 3436 diffi-

10 3539 12 3550 ‚
218 3471 324 3536 cilior.
346 3468 437 3532 Nem
462 3487 495 3532 v.
523 3488 553 3528 c.
583 3465 688 3528 Henr.
713 3465 870 3530 Bernard.
894 3465 1036 3542 Reinold
1062 3469 1101 3531 in
1130 3461 1171 3528 V
1166 3459 1244 3526 artu

10 3557 12 3596 ³
220 3587 251 3628 c.
277 3560 343 3637 42,
363 3581 404 3643 p.
429 3558 516 3641 307,
539 3552 692 3708 pluribus
718 3554 908 3643 principum
935 3557 1094 3646 exemplis
1121 3548 1242 3646 docuit,

10 3634 37 3746 Γ
77 3697 80 3703 ·
219 3672 303 3740 saepe
321 3657 354 3712 ct
374 3645 517 3710 minores
561 3643 699 3708 oannis
724 3645 908 3732 adoptasse,
928 3669 1012 3736 saepe
1033 3659 1064 3712 et
1083 3644 1170 3722 iilos,
1192 3655 1243 3724 qui

10 3747 14 3828 t
217 3743 289 3826 jam
317 3737 433 3802 liberos
459 3733 637 3814 heberent,
665 3732 750 3810 ¹elios
771 3735 945 3826 adoptione
972 3729 1172 3824 quaesivisset
1196 3721 1244 3788 sid

11 3831 13 3910 i
220 3853 272 3897 res
289 3823 504 3892 nihilominus
524 3824 612 3889 selva
631 3835 691 3888 est.
711 3821 801 3890 Nam
826 3825 874 3912 (a)
895 3827 978 3912 leges
998 3827 1140 3912 elie-getae
1158 3819 1245 3886 claun

222 3919 382 3990 suiacum
397 3927 430 3983 et
447 3914 638 4007 perspicue.
657 3912 715 4006 (b)
733 3915 831 4002 Quod
845 3913 1047 4006 principibus
1060 3911 1169 3991 licuit,
1183 3919 1244 3972 ucu
