2756 4504
425 267 467 358 rii

301 420 375 488 DE
398 417 868 488 USUCAPION'IBUS.
1034 413 1098 480 lor
1186 451 1188 456 ·

364 774 702 900 Tractus·
736 731 827 858 vi.

372 949 435 1026 De
470 947 808 1049 Usucopionibus.
1152 1043 1155 1052 Ι

91 1122 123 1206 §.
148 1117 408 1186 CCCCXXXV
415 1169 425 1203 ‚
438 1119 716 1192 ccccxxxvi
730 1129 763 1185 et
775 1116 1086 1187 CCCCXXXVII.

72 1254 123 1363 Α
138 1321 281 1369 neuun
295 1303 453 1370 divisione
462 1304 607 1373 redimus
619 1304 660 1369 ad
676 1303 789 1368 modos
800 1301 1009 1389 adquirendi,
1024 1324 1106 1390 quos

72 1415 169 1480 supra
185 1394 236 1458 rel
242 1395 342 1481 juris
357 1405 494 1459 naturae
508 1395 730 1483 algentium,
747 1393 796 1457 vel
800 1393 901 1479 juris
916 1392 1026 1457 uirilis
1040 1414 1104 1458 esse

73 1481 229 1546 diximus.
255 1479 361 1546 Morti
375 1481 474 1565 juris
498 1496 635 1547 noturae
659 1495 693 1546 et
715 1475 993 1572 gentium'erant
1022 1492 1104 1561 tres,

74 1571 269 1656 occupatio,
290 1574 435 1637 accessio
454 1582 487 1636 et
507 1571 665 1650 traditio,
692 1565 732 1635 de
753 1567 871 1656 quibus
891 1569 940 1634 tit.
965 1565 980 1632 l
1010 1568 1108 1656 hujus

73 1659 150 1724 libri
166 1670 288 1724 actum.
312 1659 500 1746 Sequuntur
518 1660 650 1740 civiles,
672 1661 728 1746 qui
748 1656 816 1724 no'n
834 1678 876 1724 ex
895 1659 960 1722 sola
981 1659 1108 1724 ratione

73 1758 106 1814 et
117 1751 191 1837 jure
205 1749 364 1829 naturali,
379 1751 434 1814 sed
448 1749 629 1838 exlegibus
643 1747 790 1813 civilibus
802 1745 922 1811 fluunt.
938 1747 985 1812 Hi
1000 1747 1110 1813 civiles

73 1837 278 1924 adquirendi¹
288 1837 379 1902 modi
398 1839 589 1904 dividuntur
605 1840 640 1901 in
655 1836 883 1913 universales,
901 1835 1017 1922 quibus
1033 1837 1109 1899 uni-

71 1947 206 1992 versum
225 1927 361 2013 alicujus
377 1928 429 2013 jus
449 1929 482 1992 in
502 1949 562 1991 nos
575 1923 785 2007 transfertur,
804 1925 884 1988 adeo
899 1937 937 1988 ut
949 1922 1109 2012 ejusmodi

72 2037 237 2080 successor
246 2017 434 2081 universalis
444 2030 476 2082 et
487 2016 521 2080 in
533 2016 643 2080 omnia
650 2017 725 2101 jura
735 2013 939 2100 antecessoris
951 2025 1109 2096 transeat,

72 2117 109 2170 et
118 2103 262 2190 ejusdem
274 2097 484 2190 obligatiores
498 2107 532 2169 in
544 2127 576 2170 se
588 2105 746 2193 suscipere
761 2115 926 2168 teneatur:
940 2115 972 2168 et
985 2105 1110 2196 singu·

74 2192 182 2272 lares,
195 2193 312 2279 quibus
323 2216 391 2258 non
402 2196 592 2260 universum
603 2193 734 2258 alterius
743 2194 795 2279 jus
805 2191 839 2258 in
851 2215 909 2255 nos
923 2193 1108 2273 derivatur,

72 2281 131 2347 sed
146 2293 275 2346 tantum
289 2283 336 2348 rei
351 2285 519 2370 cujusdam
535 2283 705 2369 singularis
716 2282 901 2346 dominium
913 2281 1108 2368 adquiritur.

73 2369 283 2438 Universales
303 2385 380 2437 sunt
403 2380 545 2437 sexz'10.
574 2371 773 2436 hereditatis
796 2370 995 2457 adquisitio.
1020 2370 1110 2436 Nam

73 2461 169 2526 hares
202 2459 239 2524 iu
271 2461 382 2526 omnia
410 2463 485 2548 jura
515 2481 691 2548 omnesque
720 2460 932 2546 obligationes
962 2457 1109 2526 defuncti

76 2549 211 2627 transit,
232 2549 376 2635 adeoque
398 2563 431 2615 et
451 2573 493 2616 aes
510 2551 653 2614 alienum
672 2547 815 2614 defuncti
834 2549 957 2614 solvere
975 2565 1008 2614 et
1028 2571 1109 2614 con-

74 2649 199 2702 tractus
213 2639 357 2725 ejusdem
372 2639 549 2728 adimplere
564 2649 703 2704 tenetur.
721 2647 765 2702 2⁰.
781 2636 962 2702 Bonorum
969 2661 1108 2726 posses·-

73 2724 141 2792 oio.
158 2726 245 2808 Quia
266 2728 355 2792 euim
379 2729 450 2792 haec
470 2727 554 2793 nihil
573 2727 661 2792 aliud
681 2736 769 2806 erat,
791 2748 892 2812 quam
912 2726 1071 2791 hereditas
1085 2745 1111 2792 ‘a

72 2826 218 2918 proetore
245 2816 320 2880 data
335 2843 342 2880 ι
359 2817 437 2882 hinc
463 2839 502 2892 eu¹
524 2818 558 2881 in
584 2839 620 2882 re
647 2815 832 2882 hereditatis
861 2814 1118 2967 adquisitionem·

73 2909 244 2986 imitatur,
269 2905 357 2992 quod
380 2904 542 2971 bonorum
565 2901 719 2993 possessor
739 2905 811 2968 loco
832 2903 909 2968 hore
934 2904 957 2967 is
975 2903 1034 2984 sit,
1049 2929 1110 2992 pr.
1208 2936 1211 2941 ·

73 2993 165 3060 Inst.
179 2991 220 3058 de
237 2993 314 3059 lon.
330 3018 475 3078 possess.
495 3005 528 3060 et
545 2993 622 3060 hino
639 2993 674 3058 in
693 3016 790 3060 omne
806 2993 858 3080 jus
875 2991 1020 3058 delinrcti
1037 3015 1107 3059 suc·

73 3081 182 3147 cedat.
213 3081 260 3148 3⁰.
289 3083 490 3170 Adquisitio
510 3106 577 3171 por
607 3085 873 3170 arrogationem.
899 3081 995 3146 Pater
1021 3083 1111 3148 enirn

72 3171 249 3238 hominem
270 3173 318 3236 sui
337 3172 420 3258 juris
439 3195 594 3259 arrogans
613 3183 645 3236 et
664 3172 747 3236 bona
771 3184 803 3236 et
824 3171 935 3235 omnia
952 3171 1028 3258 jura
1051 3171 1110 3236 lilii

72 3259 241 3346 adquirit,
256 3259 294 3325 iis
309 3261 469 3348 exceptis,
485 3283 558 3349 quae
572 3260 684 3349 capitis
701 3261 922 3326 deminutione
938 3261 1109 3328 tolluntur.

72 3352 124 3418 4⁰·
140 3348 304 3414 Addictio
322 3349 488 3430 bonorum
502 3350 700 3415 libertatum
711 3350 960 3420 servandarum
971 3374 1107 3417 caussa.

73 3434 115 3504 Si
127 3436 286 3502 hereditas
297 3438 406 3525 jacens
418 3439 577 3506 addicitur
590 3451 885 3510 servotestamento
898 3443 1109 3524 manumisso,

73 3528 220 3614 calago,
241 3539 277 3590 ut
299 3550 396 3592 omne
419 3551 462 3594 aes
484 3527 629 3593 alienum
649 3529 771 3612 solvat,
797 3529 823 3593 is
846 3551 976 3616 quoque
999 3552 1109 3596 servus

73 3617 296 3686 manumissus
307 3616 344 3682 fit
355 3617 427 3682 loco
442 3617 567 3684 heredis
578 3617 722 3704 adeoque
735 3639 895 3684 successor
910 3619 1108 3685 universalis.

77 3710 128 3774 5⁰.
147 3706 255 3772 Sestio
281 3706 464 3785 bonorum,
488 3729 561 3794 quae
581 3706 636 3788 fit,
657 3708 684 3772 si
704 3705 834 3794 quando
851 3707 967 3796 aliquis
982 3709 1110 3800 exlege
1186 3767 1188 3772 .

75 3796 293 3866 hereditatem
319 3819 453 3862 omnem
478 3797 537 3862 sub
562 3797 653 3871 hasta
678 3796 773 3877 emit,
797 3807 834 3862 ut
858 3796 1069 3864 creditoribus
1093 3823 1112 3866 e

75 3886 218 3978 pecunia
231 3883 411 3953 satisfaciat.
434 3885 480 3952 6⁰·
495 3881 553 3952 Ex
564 3885 869 3956 senatus-consulto
892 3884 1087 3970 Claudiano
1094 3889 1121 3968 ,'
1140 3912 1145 3922 ,

78 3997 147 4064 quo
158 3985 293 4040 cautum
306 3973 431 4061 fuerat,
443 3987 499 4066 ut,
513 3977 538 4040 si
552 3974 669 4048 mulier
682 3976 828 4064 ingenua
838 3975 968 4044 alterius
979 3972 1118 4044 serrum.

125 4064 221 4132 Plus
246 4082 370 4134 rurus.
908 4061 964 4128 Co
