2646 4496
240 388 306 456 254
521 395 692 465 LIBER
720 397 893 478 1,.T1T.
919 397 992 464 ΧΙ.

236 501 341 566 veluti
357 501 399 567 ab
421 524 484 574 avo
501 519 724 589 materno,·an
738 509 780 573 ab
794 508 975 573 extraneo?
990 497 1118 590 Siquis
1135 498 1259 565 adscen-¹

235 591 385 658 dentium
408 595 563 685 adoptat,
589 598 643 664 itte
665 599 807 686 adquirit
832 598 973 686 patriam
997 603 1206 683 potestatem
1230 598 1257 651 et

201 737 203 744 ,
236 680 315 744 hinc
335 693 406 769 θεῖ,
420 687 509 772 quod
529 685 598 750 haec
616 687 880 753 adscendentium
900 687 1032 774 adoptio
1048 707 1068 747 a
1084 677 1257 746 doctoribus

231 771 342 856 plena
355 781 388 836 et
398 773 556 862 perfectu
570 775 699 842 dicitur.
717 778 775 842 Sin
792 789 963 843 extraneos
985 775 1139 862 adoptat,
1164 767 1257 862 patria

233 869 374 948 potestas
385 885 453 930 non
466 863 657 932 transfertur
669 869 710 932 ad
721 867 950 956 adoptantem,
964 865 1017 930 sed
1030 885 1127 952 penes
1140 873 1258 950 patrem

235 951 422 1018 naturalem
448 967 582 1042 manet,
608 958 752 1044 adeoque
776 957 948 1046 adoptivus
978 954 1040 1018 hoc
1068 975 1144 1016 casu
1166 947 1259 1034 magis

237 1039 404 1107 alumnus
419 1043 457 1109 fii
468 1095 478 1127 ‚
495 1045 695 1131 quamfih'us
707 1071 717 1127 ;
730 1047 817 1112 unde
835 1059 867 1114 et
880 1043 1117 1133 imperfectam
1130 1041 1182 1105 vel
1198 1039 1256 1102 mi·

235 1150 303 1194 nus
319 1132 467 1218 plenum
489 1135 574 1199 hauc
595 1137 805 1225 adoptionem
825 1147 945 1201 vocant
965 1134 1124 1198 doctores.
1144 1126 1256 1196 Existi-

203 1239 205 1244 ’
235 1239 328 1284 mare
346 1221 554 1311 quis-posset,
568 1225 614 1290 ita
627 1227 758 1296 nullum
770 1248 834 1291 erse
847 1219 1153 1314 adoptionisminus
1165 1219 1256 1308 plene
1306 1271 1307 1274 ,

235 1309 289 1374 vel
307 1308 505 1398 imperfectae
523 1308 693 1395 effectum,
712 1317 788 1402 quia
807 1337 844 1387 aa
859 1337 928 1380 non
949 1312 1144 1399 adquiratur
1165 1305 1256 1397 patria
1306 1373 1307 1379 ,

169 1401 170 1406 ’
235 1410 384 1486 potestas.
405 1402 467 1467 Sed
484 1407 716 1492 respondetur,
738 1405 830 1470 illam
848 1427 915 1490 non
932 1403 1070 1468 omuino
1092 1419 1200 1465 carere
1216 1393 1256 1462 ef·
1306 1433 1307 1468 t

234 1487 331 1552 fectu.
345 1489 435 1554 Nam
454 1492 644 1581 adoptivns‚'
662 1495 811 1582 quamvis
826 1503 896 1558 non'
910 1493 967 1557 fiat
982 1489 1221 1566 filiusfamilias,
1233 1481 1258 1547 ei

235 1589 347 1642 tamen
362 1590 534 1668 tamquam
549 1582 634 1648 filius
653 1584 794 1649 succedit
815 1585 856 1648 ab
877 1585 1046 1661 intestato,
1062 1581 1093 1666 5.
1117 1601 1160 1659 2,
1179 1578 1257 1642 last.

174 1719 176 1724 .
236 1664 271 1733 t.
288 1681 312 1733 t.
332 1669 432 1751 Dico,
448 1671 493 1736 cd
508 1673 786 1738 intestatocit‘am
798 1673 880 1738 nihil
890 1668 1066 1762 prohibet,
1082 1691 1150 1758 quo
1162 1667 1258 1731 mium

236 1758 413 1847 adoptans,
436 1760 568 1827 condito
587 1774 799 1846 testamento,
815 1785 892 1828 eum
910 1771 1105 1850 praetereat,
1121 1771 1153 1824 et
1167 1780 1185 1821 a
1199 1777 1258 1844 epe·

236 1861 306 1912 rata
327 1849 503 1916 hereditate
519 1853 684 1918 excludat.
709 1853 837 1938 Regula
857 1851 965 1932 enim,
987 1849 1078 1938 quod
1097 1845 1188 1914 liberi
1208 1846 1258 1912 sint
1306 1875 1307 1920 3

237 1949 293 2002 aut
315 1939 504 2008 instituendi
523 1954 579 2006 aut
599 1943 841 2024 exheredandi,
859 1953 992 2006 tantum
1010 1939 1052 2005 ad
1071 1961 1146 2004 suos
1166 1936 1214 2002 vel
1232 1935 1260 1998 in
1306 1929 1307 2012 Ϊ

235 2040 392 2114 potestate
418 2032 608 2098 constitutos
627 2032 787 2120 pertinet,
812 2055 881 2096 non
905 2031 947 2095 ad
968 2020 1144 2094 extraneos
1157 2079 1166 2108 ‚
1190 2045 1259 2110 quo·
1306 2027 1307 2040 ¹

236 2139 313 2181 rum
331 2117 365 2182 in
385 2142 526 2186 numero
543 2123 642 2186 etiam
661 2133 707 2186 est
726 2120 913 2212 imperfecte
932 2119 1116 2208 adoptatus.
1132 2117 1261 2183 Undeet
1304 2123 1307 2202 {

213 2227 216 2242 ¹
236 2207 271 2270 id
288 2208 452 2293 singulare
472 2222 541 2290 est‚·
565 2211 653 2299 quod
664 2261 673 2294 ,
696 2235 774 2278 cum
796 2209 964 2299 alias-jura
983 2208 1189 2274 successionis
1208 2203 1260 2268 sint
1305 2209 1307 2284 j

122 2294 127 2300 ’
236 2298 427 2386 reciproca,
449 2300 483 2374 id
507 2301 563 2364 hic
583 2323 652 2364 nou
674 2301 891 2368 observetur:
918 2297 1092 2390 adoptivus
1111 2297 1199 2363 enim
1217 2289 1260 2358 hit
1304 2365 1307 2386 p

236 2387 379 2451 succedit
401 2391 486 2478 patri
507 2391 547 2454 ab
571 2391 721 2454 intestato
735 2437 756 2474 ,.
770 2391 825 2455 sed
847 2388 1099 2476 non'adoptans
1121 2383 1260 2474 adoptit⁰

236 2477 390 2540 succedit.
404 2479 492 2563 Quia
506 2479 596 2544 enim
616 2479 669 2544 hic
687 2480 722 2543 in
736 2491 891 2568 potestate
901 2478 1012 2567 'patris
1029 2476 1187 2546 naturalis
1199 2491 1260 2538 ma·

236 2576 311 2647 net,
326 2565 380 2631 hic
393 2568 427 2632 in
441 2567 500 2634 filii
513 2570 564 2633 sui
577 2568 756 2634 hereditate
768 2569 937 2659 adoptanti
951 2565 1139 2658 praefertur.

248 2698 252 2708 ’
280 2710 358 2781 Quis-
377 2712 417 2766 -n't
436 2708 603 2786 adoptionis
630 2701 784 2790 effectum]
810 2697 1027 2786 ddoptio·²'uoit
1046 2707 1099 2784 jus
1125 2701 1261 2782 sanguinis
1306 2717 1307 2754 t

236 2786 335 2846 atteri.
351 2795 386 2847 L.
399 2793 438 2852 23
446 2795 508 2868 ,ff.
526 2795 564 2849 de
577 2793 792 2871 adoptionibus.
807 2795 919 2849 Tamen
928 2793 1001 2849 veri
1012 2791 1044 2848 in
1054 2789 1260 2865 plurimis-cau·
1306 2809 1307 2842 ἕ

236 2871 275 2928 sis
283 2873 464 2932 assimilatur
475 2877 500 2934 is
511 2877 565 2952 qui
574 2875 735 2951 adoptatus
747 2887 790 2936 est
800 2915 809 2942 ‚
826 2875 854 2935 ei
864 2874 921 2950 qui
929 2893 964 2930 ex
974 2872 1107 2948 legitimo
1119 2870 1258 2930 matrimo-
1306 2875 1307 2882 ’

235 2953 286 3010 nio
308 2968 396 3014 natus
417 2967 470 3016 est.
494 2963 567 3016 Inst.
583 2953 621 3036 ·§.
640 2959 660 3016 8
669 2999 680 3026 ,
700 2959 738 3014 de
761 2959 864 3032 adopt.
887 2953 963 3012 Hinc
983 2955 1144 3028 adoptatus
1165 2965 1259 3024 nornen
1306 2985 1307 3024 t

232 3036 405 3111 adoptantis
423 3041 563 3110 absumit.
577 3041 752 3118 Cautum.
773 3052 827 3094 art.
847 3033 915 3118 347.
937 3035 1104 3110 Adoptauit
1125 3030 1258 3094 succidit.
1306 3075 1307 3112 p

232 3131 285 3176 art.
299 3118 373 3188 350,
389 3122 415 3178 ei
428 3121 681 3190 alimentadebet3
699 3134 729 3178 et
744 3120 783 3178 ab
804 3114 843 3176 eo'
859 3119 996 3179 alimenta
1016 3117 1132 3193 exigere
1152 3122 1256 3190 potest,
1306 3163 1307 3186 q

236 3214 292 3256 nrt.
332 3201 411 3278 349,
446 3204 538 3263 filiam
573 3203 747 3279 adoptantis
778 3203 887 3259 ducere
920 3199 1045 3258 uxorem
1070 3197 1257 3275 ‘prohibeturt
1302 3214 1307 3272 t

237 3295 292 3338 art.
312 3282 386 3343 348.
924 3311 928 3318 ·

573 3373 940 3492 cccxxxvu.

282 3558 480 3644 Subjicimus
491 3559 644 3646 quaedam
658 3559 700 3624 de
712 3581 776 3624 usu
791 3557 895 3646 tujm
909 3555 1075 3628 doctrine
1088 3545 1254 3621 todiimo.

199 3705 204 3717 .
236 3649 382 3736 adeoque
393 3651 568 3735 quaeritur,
577 3672 626 3713 an
639 3648 837 3736 adoptiones
849 3649 1041 3713 etiamnum
1053 3668 1118 3710 usu
1129 3647 1261 3740 receptu,

236 3741 335 3804 sint?
359 3739 446 3803 Sunt
471 3738 699 3804 Jurisconsulti
720 3739 758 3802 in
779 3732 1115 3824 Belgioceleberrimi
1126 3782 1135 3813 ,
1155 3750 1207 3816 qul
1225 3719 1255 3787 1(1

237 3839 374 3916 negant,
390 3828 492 3892 vetuti
504 3827 705 3894 Gudelinus'
711 3877 724 3908 ‚
735 3829 795 3915 'qui
810 3827 938 3913 dejure
953 3825 1135 3893 uovnsimc
1149 3815 1188 3882 ad
1201 3831 1254 3877 110·

139 3967 142 3976 .
236 3920 336 3983 vallas
363 3919 512 4008 scripsit,
530 3930 563 3982 et
579 3917 762 3982 Arnctdus
784 3916 942 3982 Vinnius
961 3915 999 3982 in
1019 3893 1254 3984 commentat

236 4005 330 4084 Just.
349 4007 413 4078 cub
424 4004 498 4105 fin.
515 4008 578 4076 Sed
587 4029 705 4078 errare
723 4007 795 4074 illos
817 4005 1019 4098 experientia
1038 4003 1139 4071 docet.
1159 3989 1253 4064 Mults
