2644 4504
269 345 339 417 sis
503 337 673 416 maan
701 349 735 434 1,
758 351 869 419 rtr.
897 347 1061 421 xxvi.

274 460 299 522 t.
317 460 378 524 ult.
397 456 432 522 C.
451 457 473 522 l.
488 481 533 546 y,
550 459 581 544 5
605 481 616 522 1
625 508 637 538 ,
645 457 692 548 ff
709 460 743 525 la.
759 460 883 548 (Culpa
902 461 992 526 enim
1010 463 1073 526 lata
1091 461 1124 526 in
1142 453 1187 526 his
1198 479 1269 524 sem·

268 571 332 640 ¹per
347 570 409 638 pro
421 547 496 612 dolo
511 548 667 627 habetur,
684 548 706 612 l.
724 549 860 640 226,ffi
875 550 914 616 de
933 551 981 615 V.
996 552 1030 616 S.
1044 553 1135 616 otiam
1148 551 1180 614 in
1192 572 1269 613 caus·

272 639 314 705 sis
329 636 476 718 famosis,
494 635 514 700 l.
535 660 564 700 u
572 685 584 715 ‚
599 637 630 722 5.
645 637 706 705 ult.
711 637 758 726 ff
776 639 817 703 de
834 639 888 705 liis
902 641 964 728 qni
977 651 1047 705 not.
1062 639 1176 728 infnm.
1187 640 1269 704 etiam

271 728 309 794 in
320 727 383 792 hac
397 748 505 791 caussa
519 775 528 804 ,
542 725 574 790 cl.
588 723 611 788 l.
620 747 663 814 y,
676 728 706 810 5.
721 750 748 806 1,
756 725 797 816 ff.
807 728 840 794 la.
854 727 897 816 t.)
909 727 990 793 Sine
1002 728 1164 816 infamia,
1175 729 1199 794 si
1210 740 1270 792 tan·
1309 757 1310 762 ¹

271 829 347 882 nam
364 815 409 880 ob
424 816 560 904 'culpem
577 814 683 880 levem
697 827 905 900 removetur,
928 819 950 883 l.
971 821 1014 899 3,
1034 821 1064 904 5.
1081 820 1139 882 alt.
1144 817 1187 907 ff
1204 819 1233 882 1.
1250 830 1269 880 t.
1308 813 1310 834 ¹

269 905 462 998 Aliquando
475 926 535 970 nec
547 904 658 986 dolus,
670 927 732 970 neo
750 907 869 996 culpa,
886 907 942 972 sed
960 908 1159 973 contumacia
1175 907 1270 975 tutoris

269 998 382 1086 palam
402 996 458 1075 fit,
481 1015 583 1082 eoque
605 1015 681 1058 casu
702 995 757 1060 ille
776 1017 836 1062 nec
855 1009 1064 1078 removetur,
1084 1019 1142 1062 nec
1160 994 1270 1064 infamis
1309 1031 1310 1086 3

269 1087 328 1162 fit,
340 1085 395 1150 sed
407 1083 550 1176 pupillus
563 1082 598 1148 in
612 1083 699 1148 bona
712 1084 781 1172 ejus
798 1085 959 1166 mittitnr3
979 1087 1079 1152 veluti
1097 1087 1123 1152 si
1138 1085 1269 1152 alimenta
1309 1097 1310 1108 ¹

231 1199 233 1206 ·
295 1174 395 1263 npillo
414 1195 482 1238 non
495 1173 663 1252 decernat,
682 1173 706 1238 l.
728 1176 830 1262 r3‚5.
853 1172 908 1258 14,
929 1175 953 1240 1.
967 1197 1012 1260 7,
1036 1177 1067 1260 5.
1088 1197 1127 1258 2,
1139 1173 1182 1263 ff.
1201 1177 1229 1240 lz.
1250 1191 1268 1240 t.
1309 1173 1310 1176 ’

268 1199 320 1330 lta
342 1263 504 1328 ordinarie
526 1261 724 1352 proceditur.
742 1261 933 1352 Aliquando
952 1264 1001 1354 (b)
1024 1275 1122 1330 extra
1137 1264 1267 1330 ordinem

293 1353 404 1417 unitur
424 1364 528 1432 tutor,
549 1350 575 1415 si
592 1351 724 1438 insignis
744 1352 812 1441 ejus
829 1353 952 1420 malitia
967 1353 1141 1442 adpareat,
1162 1375 1189 1418 e.
1206 1375 1232 1440 g.
1249 1356 1268 1418 si
1309 1405 1310 1410 ,

266 1377 400 1509 libertus
419 1441 515 1507 fuerit
532 1451 640 1520 tutor,
655 1451 687 1506 et
698 1451 811 1508 tamen
825 1443 962 1509 tutelam
985 1465 1053 1508 non
1072 1465 1113 1510 ex
1131 1443 1191 1510 fide
1210 1463 1266 1530 ges-

266 1531 353 1598 serit.
372 1531 450 1620 Ejus
462 1530 551 1596 enim
569 1529 725 1594 delictum
743 1543 839 1618 auget
854 1533 986 1620 insignis
1003 1532 1197 1620 ingratitudo
1208 1554 1266 1618 erga

265 1633 457 1712 patronum.
479 1617 591 1684 Simile
605 1619 684 1706 quid
702 1618 843 1701 obtinet,
864 1622 908 1704 si,
921 1644 950 1688 e.
966 1644 999 1708 g.
1014 1623 1184 1712 adpareat,
1198 1633 1266 1685 tuto·

265 1734 338 1778 rem
357 1709 486 1775 insidias
504 1704 578 1774 vitae
597 1707 712 1798 pupilli
727 1711 899 1791 struxisse3
919 1712 1011 1800 cujus
1033 1713 1083 1778 rei
1101 1712 1266 1800 exemplum
1309 1763 1310 1768 ,

261 1802 334 1886 jam
348 1824 446 1886 supra
466 1820 509 1864 ex
523 1797 656 1862 Sueten.
676 1796 868 1886 031339,
884 1800 1034 1866 vidimus.
1051 1804 1198 1868 Ceterum
1211 1822 1266 1866 om·
1309 1845 1310 1850 η

263 1891 360 1956 nibus
382 1890 431 1954 his
451 1888 575 1954 casibus
595 1887 737 1970 dicitur,
759 1901 903 1954 tutorem
921 1913 938 1954 a
963 1903 1103 1980 praetore
1122 1890 1265 1956 remitten-

261 1981 344 2046 durn
358 2001 421 2044 esse
436 1979 478 2043 ad
495 1974 686 2064 praefectnm
699 1979 774 2044 urbi
787 1990 881 2044 extra
901 1979 1050 2045 ordinem
1067 1979 1265 2071 puniendum,

263 2071 288 2136 l.
305 2094 334 2151 1,
353 2071 384 2153 5.
404 2067 522 2157 nlt.ffi
539 2077 570 2130 el
588 2068 618 2151 5
641 2087 697 2144 10,
715 2091 766 2150 rr,
782 2069 871 2133 Inst.
892 2069 925 2133 la.
947 2079 970 2133 t.
989 2069 1089 2134 Ratio
1103 2071 1137 2134 in
1151 2079 1265 2158 promtu

260 2171 318 2224 est.
345 2157 432 2244 Quia
455 2157 544 2221 enim
576 2167 697 2243 praetor
721 2169 851 2222 tantum
871 2158 1096 2246 jurisdictione
1158 2158 1265 2224 civilem

261 2247 453 2328 exercebat,
475 2268 543 2310 non
566 2257 676 2309 autem
693 2245 746 2330 jus
767 2246 866 2334 gladii
879 2247 931 2313 vel
953 2269 1085 2314 merum
1093 2183 1265 2338 iriperium,
1308 2315 1309 2320 γ

260 2337 433 2425 quoderat
452 2357 549 2425 penes
569 2333 760 2423 praesectum
781 2336 876 2418 urbi,
899 2337 965 2402 vid.
983 2338 1006 2401 l.
1031 2354 1070 2418 r,
1077 2337 1118 2429 ff
1141 2337 1181 2402 de
1197 2335 1265 2424 offic·

252 2422 361 2514 praef.
377 2423 452 2490 urb.
468 2445 665 2511 consequens
678 2437 763 2506 erat,
777 2437 814 2488 ut
828 2426 1047 2491 remitteretur
1061 2451 1080 2492 a
1096 2438 1225 2516 praetore
1234 2422 1265 2486 ad
1308 2455 1309 2466 ¹

257 2511 451 2603 praefectum
470 2513 557 2592 urbi,
570 2514 626 2602 qui
642 2515 728 2580 solus
743 2518 870 2604 poterat
886 2515 1144 2583 animadvertere
1159 2511 1192 2580 in
1203 2511 1267 2578 faci·

257 2622 401 2688 ¹norosos.
420 2601 525 2690 quue
541 2611 572 2666 et
591 2603 686 2668 hodie
702 2613 748 2668 est
766 2603 1022 2686 observandum,
1039 2607 1164 2692 quoties
1180 2606 1211 2668 in
1221 2604 1265 2688 ju·

258 2693 443 2758 risdictione
465 2690 552 2759 civili
572 2691 696 2779 aliquid
719 2691 855 2772 incidit,
876 2693 965 2780 qnod
983 2717 1120 2784 poenam
1141 2689 1266 2784 corporis

255 2781 456 2849 adflictivam
476 2781 604 2846 videtur
623 2782 750 2847 mereri.
768 2783 865 2846 'suno
878 2783 967 2847 enim
982 2785 1204 2871 magistratus,
1222 2778 1265 2866 qui

252 2871 512 2966 jurisdictionem
522 2883 652 2935 tantum
666 2873 793 2936 civilem
806 2871 917 2952 habet,
928 2895 1056 2961 semper
1068 2875 1161 2940 debet
1171 2871 1265 2937 remit·

168 2974 171 2990 '
254 2973 322 3027 tere
339 2985 435 3027 reum
455 2962 495 3025 ad
516 2983 592 3025 eum
610 2961 773 3046 judicem,
796 2961 851 3048 qni
872 2961 1079 3027 criminalem
1093 2963 1188 3028 habet
1206 2959 1265 3025 ani-

253 3052 525 3121 madversionem.
538 3051 620 3114 Haec
633 3053 672 3116 de
683 3051 782 3114 modo
794 3051 1000 3138 procedendi.

299 3141 415 3208 Obiter
429 3141 536 3205 adhuc
559 3139 761 3219 notandum,
777 3162 834 3222 ea,
853 3161 927 3227 quse
949 3141 988 3206 de
1001 3142 1203 3232 suspensione
1222 3160 1266 3201 su·

252 3231 488 3322 prediximus,
504 3229 603 3294 etiam
619 3229 654 3292 in
668 3229 736 3293 aliis
748 3229 864 3294 caussis
879 3231 989 3294 locum
1004 3232 1133 3297 habere.
1148 3227 1266 3318 Quoties
1307 3253 1308 3278 i

248 3321 341 3386 onim
358 3321 509 3386 adversus
527 3340 603 3382 enm
613 3368 623 3400 ,
639 3319 694 3406 qui
712 3319 747 3382 in
767 3317 873 3384 officio
895 3319 1046 3406 publico,
1064 3319 1208 3386 maxime
1224 3337 1265 3378 sa-

251 3433 309 3476 cro
319 3461 328 3492 ‚
349 3421 415 3488 est,
434 3408 594 3472 accusatio
612 3407 789 3473 criminalis
806 3408 1002 3491 instituitur,
1017 3411 1110 3476 toties
1128 3412 1154 3472 is
1170 3405 1264 3471 statim

250 3498 402 3588 suspendi
426 3495 467 3560 ab
488 3495 594 3561 officio
611 3497 710 3578 solet,
734 3497 837 3562 donec
862 3499 1085 3566 innocentiam
1106 3520 1196 3562 suam
1217 3494 1265 3558 de·

248 3587 454 3654 monstravit.
473 3585 560 3650 Cum
577 3585 728 3650 scandalo
749 3587 838 3652 enim
858 3589 1072 3674 conjunctum
1092 3589 1263 3660 videretur,

248 3701 279 3742 e.
295 3699 326 3763 g.
343 3675 529 3740 ministrum
543 3675 683 3742 ecclesiae
698 3698 788 3740 sacra
806 3699 978 3766 peragere,
998 3679 1079 3742 dum
1094 3677 1133 3741 de
1151 3675 1263 3740 adulte·

247 3767 300 3831 rio
312 3766 363 3830 vel
375 3765 439 3829 alio
452 3764 639 3852 hujusmodi
655 3765 791 3830 crimine
806 3767 957 3833 adversus
967 3767 1072 3856 ipsum
1088 3764 1261 3854 inquiritur.

245 3855 332 3920 Dico
355 3865 487 3934 autem,
509 3853 617 3926 statim
641 3877 692 3920 sus
717 3856 792 3921 endi
812 3855 895 3942 obe
933 3857 996 3921 rio.
1021 3857 1075 3920 Est
1090 3857 1179 3920 enim
1201 3873 1262 3915 sus-

246 3945 357 4028 pensio
371 3943 514 4038 duplex,
530 3944 581 4012 rel
596 3943 640 4009 ab
665 3879 781 4032 sirio,
799 3947 929 4034 quando
944 3947 1095 4012 salarium
1111 3945 1181 4032 quis
1194 3937 1261 4008 reti-

351 4113 357 4121 ι
