2644 4504
12 29 14 136 q
126 68 128 72 .

12 175 14 240 l

12 243 14 386 Ι
150 289 211 364 os
226 285 808 377 nnanwnrnuonnan.
823 273 992 362 nourr.
1016 297 1083 366 sss

12 387 14 510 l
71 413 141 482 riori
149 415 315 498 favebant,
329 417 518 482 thesaurum
532 413 693 503 putabant
704 416 746 482 ad
766 416 939 482 dominum
951 415 1031 500 loci,
1045 420 1083 486 i'n

71 529 129 592 quo
148 507 293 574 inventus
306 503 430 586 fuerat,
447 506 627 592 pertinere,
654 506 753 590 quia,
783 507 876 591 cujus
893 520 940 572 est
958 507 1084 597 princi·

73 597 156 684 pale,
176 599 242 684 ejus
256 608 303 662 est
318 594 547 675 accessorium,
571 594 602 678 ἕ.
628 583 706 676 354.
726 595 987 684 Ambiguitatem
1000 598 1089 662 hanc

73 686 259 751 sustulerunt
269 687 495 774 imperatores,
505 693 537 747 et
550 683 585 746 in
597 683 711 770 primis
720 685 957 770 Hinnrsuus,
976 689 1007 772 ς.
1027 689 1089 774 39,

72 774 150 840 Just.
163 771 195 840 h.
211 787 234 840 t.
248 775 288 840 de
301 789 367 862 quo
380 773 543 862 Spartian.
557 773 595 837 in
610 773 684 838 vita
699 771 744 837 H
743 773 818 840 adr.
833 799 862 842 e.
879 781 918 842 18
931 799 943 840 .·
956 777 998 841 de
1010 775 1087 846 etas

72 865 175 930 scuris
186 865 235 930 ita
248 865 357 942 cavit,
381 874 441 944 ut,
459 864 491 927 si
505 861 632 950 quirin
646 885 708 926 suo
724 863 916 949 reperisset,
932 865 1003 952 ipse
1015 885 1088 953 ρο·-

72 952 204 1034 tiretur;
218 953 341 1040 siquis
357 951 395 1016 in
409 950 544 1030 alieno,
564 949 751 1015 dimidium
762 951 901 1016 domino
920 955 1019 1019 daret
1026 978 1039 1031 3
1055 954 1090 1020 oi

71 1043 141 1130 quis
159 1043 197 1106 in
208 1043 372 1130 publico,
390 1062 469 1104 cum
478 1036 572 1124 fisco
592 1039 774 1126 oequaliter
781 1043 987 1126 partiretur.
1012 1043 1090 1108 Ha-

72 1133 192 1197 drianus
205 1133 316 1217 itaque
331 1140 506 1216 utramque
520 1127 713 1193 sententiam
726 1131 917 1216 conjunxit,
929 1143 960 1197 et
970 1132 1089 1212 voluit,

12 1281 14 1310 Ι
71 1232 103 1283 ut
119 1233 242 1309 partem
256 1217 409 1284 dominus
428 1217 562 1282 haberet
577 1219 651 1304 jure
664 1217 867 1300 accessionis,
884 1221 1021 1286 alteram
1035 1223 1090 1287 in-

12 1311 14 1372 ἐ
71 1323 174 1376 ventor
185 1311 260 1396 jure
274 1305 509 1396 occupationis.
530 1307 651 1370 Totam
663 1307 760 1392 hujus
773 1308 978 1394 legislationis
990 1311 1094 1376 histo·

12 1401 14 1470 ξ
70 1399 144 1464 riam
163 1408 315 1468 accurate
330 1393 480 1484 exposuit
495 1394 565 1458 Jac.
581 1393 734 1460 Gothofr.
749 1398 798 1462 nd
810 1397 832 1462 l.
848 1421 880 1478 ι,
903 1398 940 1466 0.
958 1400 1092 1465 Theoti.

12 1491 13 1576 ff
70 1489 108 1555 de
118 1491 264 1554 thesaur.
280 1486 361 1566 Sed,
374 1496 410 1548 ut
425 1484 465 1548 ad
482 1483 702 1551 conclusiones
717 1485 868 1575 speciales
881 1487 921 1552 de
932 1489 1094 1553 thesauris

70 1580 308 1666 perveniamus,
322 1574 575 1658 observandum,
591 1583 639 1638 1⁰.
653 1575 853 1640 thesaurum
863 1577 997 1642 artibus
1012 1602 1094 1644 ma-

12 1677 14 1764 j
67 1669 146 1755 giris
165 1680 341 1756 repertum
353 1659 444 1753 fisco
467 1663 600 1743 cedere,
616 1663 652 1727 in
674 1685 809 1752 poenam
832 1667 968 1731 istarum
997 1668 1097 1732 mali·
1137 1670 1140 1678 “

12 1769 14 1784 ³
70 1778 202 1842 gnarum
213 1757 360 1834 artium,
380 1753 403 1817 l.
420 1776 479 1817 un.
496 1751 534 1817 0.
549 1752 591 1816 de
610 1753 759 1818 tlresaur.
781 1763 827 1819 2⁰.
842 1754 882 1818 In
897 1755 971 1824 loco
986 1757 1096 1822 alieno

69 1849 233 1931 quaesitum
246 1859 280 1912 et
305 1845 477 1910 inventum
492 1851 601 1905 totum
619 1841 754 1906 domino
768 1843 900 1925 cedere,
923 1843 945 1908 l.
966 1846 1031 1924 63,
1051 1845 1096 1912 de
1199 1849 1204 1854 ’

12 1945 14 2030 l
69 1937 112 2001 A.
124 1938 168 2004 R.
184 1935 233 2004 D.
255 1931 392 2000 Nemini
409 1931 498 1997 enim
514 1931 567 2017 jus
586 1941 650 2012 est,
670 1931 836 1997 thesauros
848 1932 881 1996 in
896 1929 999 1998 fundo
1017 1955 1096 1998 meo

12 2047 14 2076 ι
69 2027 241 2111 quarendi.
265 2023 302 2089 Si
325 2021 403 2110 quid
421 2021 517 2108 hujus
543 2016 666 2106 generis
691 2021 805 2103 audet,
831 2017 911 2086 furti
931 2045 1005 2088 reus
1025 2035 1099 2106 est,-

12 2119 14 2202 {
73 2116 211 2204 adeoque
226 2112 390 2192 thesauri,
401 2121 573 2196 tamquam
586 2111 634 2174 rei
644 2107 792 2190 furtivae,
805 2127 874 2176 non
882 2109 921 2176 fit
934 2112 1105 2185 dominum

71 2206 119 2270 5⁰.
135 2207 175 2271 ln
187 2208 264 2272 loco
279 2223 338 2267 suo
352 2201 524 2266 inventum
541 2199 729 2264 thesaurum
742 2199 894 2265 dominus
912 2213 1022 2266 totum
1038 2202 1101 2268 ad-

12 2291 14 2360 l
70 2295 183 2381 quirit,
205 2298 239 2382 §.
253 2297 317 2378 39,
335 2291 454 2356 Iussit.
468 2289 501 2354 h.
517 2299 540 2354 t.
558 2289 690 2353 Partem
701 2310 744 2354 ex
757 2289 919 2380 principio
933 2291 1100 2359 Hadriani

13 2377 14 2424 3
70 2383 161 2451 habet
184 2397 363 2469 tamquam
392 2381 562 2459 inventor,
587 2389 716 2466 partem
730 2389 901 2467 tamquam
921 2380 1100 2464 dominus,

70 2473 210 2564 adeoque
224 2483 336 2538 totum
351 2470 449 2558 capit.
467 2465 513 2532 4⁰.
527 2469 580 2532 ·In
593 2469 666 2532 loco
680 2467 786 2533 alieno
801 2491 877 2534 casu
894 2467 1028 2536 fortuito
1042 2471 1102 2536 in-

13 2587 14 2590 *
69 2577 180 2638 ventus
194 2565 368 2628 thesaurus
381 2581 442 2648 pro
463 2567 555 2646 parte
574 2567 620 2620 est
638 2557 834 2640 inventoris,
852 2583 915 2648 pro
927 2561 1028 2627 altera
1039 2560 1102 2626 do-

71 2653 159 2734 mini,
170 2655 216 2719 de
227 2654 260 2738 ς.
275 2653 333 2735 39,
343 2647 460 2713 Instit.
478 2648 511 2711 h.
528 2666 551 2710 ι.
565 2647 628 2710 Sed
644 2647 697 2712 hic
707 2648 924 2720 controversia
940 2650 1083 2714 nascitur
1092 2697 1105 2730 ‚

12 2767 13 2770 ¹
68 2762 108 2806 an
126 2743 219 2809 idem
243 2737 444 2818 obtineat,si
462 2735 680 2800 mercenarius
695 2737 730 2800 in
744 2735 866 2801 aedibus
883 2739 963 2802 meis
977 2736 1103 2802 fodiem

12 2871 14 2876 -
67 2830 262 2898 thesaurum
276 2827 419 2917 reperit?
437 2827 521 2890 Sunt
533 2847 608 2891 sane
623 2825 809 2914 praejudicia
823 2827 856 2890 in
874 2826 1103 2908 contrarium,

67 2942 139 3007 quae
158 2923 227 2988 hoc
247 2919 401 2984 nituntur
414 2913 647 2994 fundamento,
668 2915 755 3002 quod
769 2917 962 2981 mercenarii
976 2916 1105 2980 condu'-

12 3039 13 3066 ι
68 3023 185 3077 canter
202 3031 277 3074 non
290 3007 331 3071 ad
341 3005 414 3084 sibi,
431 3005 485 3069 sed
500 3005 541 3068 ad
557 3003 649 3068 nobis
663 3004 912 3091 adquirendum.
928 2993 978 3068 Ita
990 3027 1106 3070 casum

12 3127 13 3132 ¹
65 3099 225 3166 decidunt
241 3096 391 3183 Angelus
402 3093 442 3158 ad
451 3095 482 3179 ς.
496 3096 560 3179 39,
576 3095 666 3158 Inst.
678 3094 710 3157 h.
725 3103 748 3158 t.
762 3093 848 3158 Petr.
862 3093 965 3180 Greg.
975 3093 1104 3160 Tholo-

66 3213 162 3255 sanus
186 3190 376 3278 Syntagm.
400 3183 458 3248 tib.
481 3183 560 3248 III.
584 3181 621 3246 0.
638 3181 718 3262 XI,
733 3182 777 3246 ηο
793 3187 828 3248 5.
845 3181 908 3246 Sed
928 3181 1008 3270 quid
1033 3195 1103 3266 est,

12 3359 13 3362 Ἴ
62 3301 197 3366 quaeso,
220 3297 301 3341 casu
311 3272 445 3338 fortuito
457 3273 597 3361 reperire
609 3271 815 3352 thesaurum,
834 3271 859 3336 si
875 3269 938 3337 hoo
950 3295 1019 3338 non
1029 3275 1104 3343 est?

65 3371 123 3433 An
137 3363 367 3433 mercenarius
378 3361 649 3428 inveniendorum
660 3360 888 3428 thesaurorum
903 3383 1012 3428 caussa
1025 3385 1107 3430 con-

63 3455 235 3523 duciturt
249 3453 339 3519 Hinc
353 3453 382 3517 ei
393 3462 521 3538 partem
532 3460 619 3516 recte
631 3449 794 3538 adjudicat
805 3451 853 3524 V.
869 3451 987 3540 Ampl.
1000 3452 1102 3519 Corn.
1258 3468 1260 3474 '

12 3539 14 3606 ἲ
64 3567 129 3611 van
146 3543 339 3634 Bynkersh.
358 3541 438 3606 Oba.
454 3540 506 3619 II,
515 3563 555 3627 p.
574 3541 647 3618 123,
667 3563 744 3627 arg.
758 3540 781 3605 l.
793 3541 844 3604 36
852 3537 1045 3628 ,§.3ee4,'
1053 3541 1103 3630 ff
1194 3543 1197 3548 ’

12 3623 13 3636 l
62 3634 104 3701 de
114 3635 227 3724 adapta.
245 3655 310 3696 rar.
328 3630 420 3696 dom.
436 3640 469 3694 et
486 3629 508 3694 l.
527 3631 570 3717 67
578 3626 642 3718 ,ff
655 3627 697 3694 de
709 3629 759 3694 rei
769 3623 894 3696 vindic.

103 3789 151 3847 De
163 3781 341 3924 iqventione
352 3757 569 3840 earum'rerum
581 3799 648 3857 quae
661 3779 772 3840 nullius
786 3798 847 3839 esse
860 3779 1023 3848 dicuntur,
1039 3775 1103 3836 dixi

64 3869 121 3926 sub
133 3865 168 3947 §.
209 3873 262 3934 42.

109 3969 217 4036 Pans
243 3979 369 4033 rmus.
