2646 4496
252 281 315 351 140
535 293 695 364 LIBER
720 299 756 379 t,
783 299 891 368 TIT.
915 298 987 370 Vl.

246 395 356 477 nulla,
373 399 428 466 sed
444 402 635 471 rescinditur
651 407 785 472 demum
803 407 965 495 ajudice,
984 419 1016 472 et
1033 405 1109 472 hinc
1125 401 1255 468 oredito-

243 484 335 548 ribus
360 493 515 579 competit
536 497 620 559 actio
639 497 809 582 singularis
832 498 1022 576 Paulliana‚
1045 497 1085 560 ad
1108 515 1253 558 revocan-

242 571 324 637 dum
338 576 400 658 td,
424 582 510 667 quod
535 583 569 646 in
592 581 739 650 fraudem
756 609 848 651 suam
874 599 919 650 est
938 587 1133 660 alienatum,
1159 583 1187 666 δ.
1212 584 1233 644 6
1242 627 1253 656 ‚

243 662 335 726 Just.
354 665 394 730 de
414 673 539 734 action.
560 685 606 736 ast
618 675 829 755 manumissio
850 675 885 739 in
900 673 1049 740 fraudem
1066 672 1254 738 creditorum

241 749 326 852 lacta
345 777 413 835 non
434 761 645 843 rescinditur,
663 765 717 828 sed
737 776 783 828 est
801 764 870 852 ipso
887 765 960 849 jure
978 765 1080 828 nulla.
1099 758 1256 846 Quaeritur

240 851 372 944 “astuti
387 869 447 910 cur
464 872 531 914 nou
545 861 578 916 et
594 853 664 916 haec
683 854 882 918 rescindatur
904 853 1014 941 potius'
1027 875 1086 942 por
1104 850 1254 914 actionem

241 926 475 1002 Paullranam?
492 939 590 1027 Resp.
605 941 638 1005 id
652 941 721 1007 lieri
734 973 754 1022 ,·
768 949 812 1006 1⁰.
831 941 904 1029 quia
925 943 1053 1006 libertas
1071 939 1167 1004 semel
1187 937 1253 999 data

241 1022 380 1120 rescindi
397 1037 429 1088 et
451 1025 571 1093 auferri
587 1033 716 1118 nequit.
740 1031 827 1097 Hinc
846 1031 952 1119 potius
965 1032 1054 1116 leges
1077 1027 1255 1103 declarant,

240 1106 331 1172 1llam
348 1135 415 1176 non
432 1113 496 1180 esse
514 1117 635 1184 datam.
655 1127 697 1183 2⁰.
712 1120 797 1206 Quia
810 1122 934 1184 actione
951 1119 1118 1184 Paulliana
1134 1135 1256 1180 revoca·

240 1206 296 1260 tur
311 1200 344 1262 id
358 1251 366 1280 ,
380 1205 466 1286 quod
479 1206 655 1272 alienatum
667 1219 712 1272 est
725 1235 743 1272 a
758 1231 930 1297 possessore
946 1231 954 1269 z
969 1211 1004 1272 in
1017 1201 1255 1272 manumissione

240 1298 351 1351 autem
370 1292 451 1356 nihil
466 1295 646 1378 alienatur,
665 1321 724 1361 nec
739 1311 781 1362 est
797 1319 970 1386 possessor,
988 1297 1044 1384 qui
1059 1296 1255 1369 servitutem,

239 1395 283 1478 0⁷}
303 1400 365 1464 qua
382 1381 533 1466 liberatus
547 1398 592 1450 est
611 1409 741 1468 servos,
762 1387 928 1476 possideat.
952 1387 1038 1452 Hinc
1058 1408 1127 1450 non
1142 1389 1257 1470 poterat

239 1465 333 1530 ahter
343 1471 734 1554 creditoribus'subveniri,
748 1475 1041 1564 quamintroducto
1051 1477 1113 1539 hoc
1122 1475 1205 1550 jure,
1216 1478 1256 1546 ut,

241 1555 299 1642 qui
311 1555 347 1620 in
364 1557 515 1629 fraudem
527 1565 726 1646 creditorum
737 1565 978 1630 manumitteret
991 1613 1001 1646 ,
1014 1565 1040 1628 is
1051 1563 1134 1628 nihil
1149 1567 1256 1646 ageret.

281 1707 393 1784 Regula
405 1730 471 1784 quae
484 1713 515 1768 i'n
528 1715 585 1770 hoe
597 1716 784 1790 paragrapho
797 1713 926 1771 traditur
940 1713 1052 1770 utiliter
1065 1702 1161 1788 aptari
1171 1707 1258 1784 potest

241 1783 286 1842 his
303 1789 529 1874 alienationibus
547 1809 612 1870 quae
632 1798 663 1852 in
683 1795 824 1854 fraudem·
838 1793 1018 1853 creditorum
1038 1795 1125 1852 fiunt.
1147 1793 1259 1849 Nullum

239 1869 317 1922 etim
339 1873 464 1931 dubium
478 1889 549 1944 est,
570 1880 644 1953 quin
665 1889 693 1934 et
714 1879 890 1956 apodians,
914 1877 1167 1954 quemadmodum
1187 1869 1257 1945 apud

241 1951 408 2022 Romanos,
420 1959 492 2016 tales
501 1957 692 2018 alienationes
704 1961 793 2016 irritae
805 1961 871 2016 sint.
887 1960 1033 2016 Caeterum
1045 2001 1054 2027 ,
1066 1962 1123 2014 hoc
1131 1963 1260 2028 exceptet

240 2032 289 2088 vix
305 2048 348 2094 est
361 2037 474 2114 aliquid
480 2043 570 2114 quod
581 2062 617 2098 ex
630 2044 685 2098 hoc
699 2043 786 2099 titulo
800 2042 837 2099 ad
848 2040 898 2114 jus
910 2053 1049 2098 nostrum
1061 2037 1223 2098 conveniat.

527 2269 529 2276 Α
612 2192 903 2278 ,§.c‚x.v11..

285 2349 430 2436 Quaestio
444 2365 488 2418 est
503 2403 511 2433 ‚
525 2351 599 2441 (ΙΙ.)
619 2353 697 2440 quid
712 2353 751 2417 sit
763 2403 771 2432 ,
783 2355 817 2422 in
830 2351 978 2420 fraudem
989 2351 1188 2422 creditorum
1201 2367 1265 2414 ma·

239 2439 440 2505 numittere?
461 2443 565 2532 Fraus
584 2444 660 2506 alias
677 2443 794 2516 dicitur
815 2443 950 2530 quilibet
972 2443 1087 2522 dolus,
1106 2465 1171 2530 quo
1191 2438 1262 2501 aller

241 2529 381 2610 alterum
396 2530 621 2614 circumvenit.
641 2533 789 2607 Seducit
806 2533 912 2598 omnis
929 2531 1021 2596 dolus
1035 2545 1083 2597 est
1097 2531 1201 2596 malus
1214 2576 1221 2605 ‚
1236 2547 1260 2586 e·

240 2638 273 2706 g.
297 2615 322 2682 si
346 2619 610 2709 medicus‘puero
635 2619 839 2688 abhorrentia
865 2623 1103 2686 medicamenta
1127 2617 1263 2710 praebens

238 2707 424 2860 sersuadet,
439 2731 503 2774 esse
518 2711 613 2776 melle
628 2709 785 2775 dulciora.
807 2711 936 2778 Verum
953 2711 1010 2776 iste
1028 2707 1165 2776 dem'ur'n
1180 2703 1263 2770 dolus

263 2793 360 2862 icitur
378 2799 506 2880 malus‚,'
523 2801 573 2865 ve'l
595 2797 703 2878 fraus,
721 2802 746 2864 si
767 2799 837 2886 quis
852 2799 959 2864 dolose
979 2801 1122 2864 alterum
1140 2799 1184 2864 ita
1205 2793 1263 2856 oir-

240 2889 408 2951 oumvenit
422 2939 431 2969 ‚
447 2900 482 2952 ut
498 2890 573 2957 inde
588 2890 746 2954 damnum
765 2889 901 2972 sentiat,
923 2911 951 2952 e.
972 2912 1004 2976 g.
1021 2890 1046 2952 si
1065 2885 1138 2976 quis
1155 2883 1265 2956 sciens,

243 2976 336 3040 alteri
362 2977 437 3041 dolo
461 2981 550 3044 malo
576 2979 630 3044 det
653 2989 819 3043 monetam
833 2998 957 3054 aeneam
980 2988 1012 3048 et
1029 2979 1120 3043 tenui
1139 2980 1264 3058 argeum

240 3065 418 3130 obductam
440 3092 502 3156 pro
525 3079 688 3154 argentea.
714 3067 802 3152 Quia
821 3068 922 3154 igitur
948 3065 1001 3132 ln‘c
1023 3067 1062 3130 de
1083 3063 1197 3131 fraude
1217 3054 1262 3156 vel

241 3150 317 3218 dolo
332 3156 420 3220 mulo
438 3159 563 3243 agitur,
579 3158 655 3222 hinc
672 3157 737 3220 duo
752 3155 1103 3235 concurrere'debeut:
1125 3152 1170 3241 (n)
1187 3147 1263 3214 Ant·

241 3266 336 3326 mus,
353 3237 524 3312 consilium
543 3248 593 3312 vel
611 3245 741 3310 allectus
758 3243 970 3310 defraudandi
984 3245 1176 3320 creditores,
1195 3239 1217 3302 i.
1238 3256 1264 3298 e·

240 3345 279 3396 ut
297 3335 376 3398 sciat
394 3333 537 3416 debitor,
555 3337 652 3400 servis
669 3335 872 3400 manumissis
884 3358 917 3398 se
933 3357 1000 3398 nou
1017 3331 1086 3418 fore
1101 3325 1266 3404 solvendo,

239 3433 397 3488 ettamen
414 3423 633 3488 manumittat.
649 3422 698 3510 (h)
717 3424 785 3512 lpse
801 3423 929 3488 effectus
941 3436 979 3486 ut
992 3418 1196 3496 manumissis
1209 3434 1264 3513 set·
1287 3407 1295 3440 ³

241 3513 289 3576 vis
306 3512 517 3577 creditoribus
533 3511 676 3576 satisfieri
696 3525 845 3599 nequeat.
865 3511 905 3592 ‚si
924 3513 1120 3576 alterutrum
1136 3509 1263 3592 sequior·

242 3613 315 3667 tum
331 3601 465 3682 deesset,
481 3623 548 3665 non
562 3612 633 3666 erat
644 3597 963 3674 manumissionulla.
983 3602 1020 3672 E.
1037 3623 1068 3688 g.
1084 3598 1110 3664 si
1126 3597 1196 3690 quis
1207 3591 1265 3656 Sti-

242 3691 345 3756 chum
364 3713 495 3755 serrum
517 3689 603 3754 bona
625 3689 689 3755 fide
714 3689 874 3771 dimittat,
896 3691 976 3778 'quia
996 3713 1028 3754 se
1052 3691 1181 3778 putaret
1203 3695 1264 3782 tatu

243 3781 401 3860 divitem,
417 3792 455 3844 ut
471 3779 682 3845 creditoribus
701 3778 879 3864 satisfacere
902 3791 1026 3868 posset,
1051 3777 1131 3842 nihil
1153 3772 1215 3860 egit
1233 3789 1263 3832 ut

150 3925 157 3945 ,
243 3867 392 3937 fraudem
409 3869 628 3958 creditorum,
647 3869 722 3958 quia
738 3866 867 3936 allectus
883 3869 935 3936 vel
951 3867 1123 3939 consilium
1144 3861 1263 3930 dehau-
