2644 4504
297 344 368 412 DE
398 341 822 414 CURATORIBUS.'
1008 340 1073 431 287

22 453 23 516 i
75 471 185 539 operum
203 453 376 542 primario,
397 475 439 522 ne
459 475 496 518 ee
516 453 697 540 quidquam
717 448 903 516 detrimenti
925 449 1077 539 capiant,

21 542 23 590 t
76 543 200 628 quemvis
222 543 410 614 secundario
430 543 529 609 etism
545 563 690 630 personae
710 541 849 606 adsistat.
865 539 917 604 En
931 541 1080 628 primurn

21 601 23 738 l
76 629 243 714 discrimen,
260 633 300 698 de
316 655 382 722 quo
401 631 587 697 evolvendoe
599 631 683 718 leges
695 631 854 720 ellegetoe,
869 641 901 696 et
914 629 1011 694 simul
1026 651 1081 696 re-

21 747 23 794 τ
75 721 207 808 petendu,
223 741 297 809 quos
309 745 407 810 supro
422 721 565 786 diximus
580 719 593 802 (
601 721 631 806 5.
650 717 764 808 slep),
785 727 829 784 2⁰.
851 720 959 784 Tutor
974 718 1080 784 inter·
1103 753 1158 776 ..-

21 851 22 890 p
73 810 150 896 ponit
163 813 411 890 auctoritatem,
424 811 499 896 quie
517 811 616 876 veluti
630 829 801 898 personam
815 817 913 894 auget
926 819 957 872 et
973 806 1081 874 defec-

21 921 22 952 1
75 908 133 962 tum
152 899 375 990 impubertstis
393 901 544 987 supplet,
569 899 592 963 l.
616 903 659 964 32
672 949 689 978 ,‚
711 900 745 983 5.
768 920 812 978 2,
836 897 879 962 ds
899 897 1003 986 adqu.
1025 899 1081 966 vel

74 987 166 1054 omitt.
181 1014 328 1078 possess.
350 999 484 1054 curator
505 999 634 1069 sutem,
654 987 731 1076 quis
751 985 916 1076 puberum
933 1009 1081 1076 persona

73 1075 826 1164 nihildeest,nonenctoritutem‚sedcoqsensu
875 1075 1080 1164 'nterponere
1200 1145 1203 1154 ,

22 1203 23 1208 1
74 1163 182 1232 dicitur.
198 1169 297 1234 Unde
309 1169 345 1232 in
352 1166 447 1232 ffittu
464 1150 1004 1248 Vttt,1tt;*XXVt‚inssribirur
1017 1193 1026 1230 ε
1039 1167 1083 1232 dc

74 1259 259 1330 auctoritate
275 1269 309 1322 et
322 1279 487 1322 consensu
502 1268 655 1324 tutorum
667 1266 700 1319 et
715 1266 933 1333 curatorum,
948 1265 986 1318 ut
999 1255 1080 1320 odeo

72 1346 227 1410 auctoritas
246 1347 288 1410 ad
308 1357 455 1425 tutores,
475 1367 645 1410 consensus
663 1345 706 1408 ed
725 1357 890 1410 curatores
908 1345 1079 1432 pertineat·

73 1429 655 1502 5⁰.Tutoremhabentitntordsrinon
665 1443 778 1522 potest,
789 1443 821 1496 at
830 1443 1083 1498 curatortanien
1119 1483 1180 1518 ,ι

72 1517 259 1612 usipetes,
271 1547 300 1588 e.
315 1547 347 1610 g.
364 1524 392 1588 si
406 1523 444 1588 tis
458 1522 542 1588 inter
555 1535 699 1588 tutorem
712 1533 744 1586 et
758 1521 925 1610 pupillum
937 1522 1082 1604 oriatur3

71 1617 136 1676 tunc
154 1613 244 1678 enim
266 1613 388 1678 interea
407 1613 504 1678 detur
517 1623 649 1678 curator
663 1612 699 1678 in
717 1611 829 1692 litem,
847 1613 924 1697 quin
936 1621 1026 1676 tutor
1046 1613 1084 1676 in

71 1719 129 1764 rem
140 1724 232 1770 suam
246 1714 362 1767 auctor
377 1701 448 1769 lieri
459 1724 529 1767 non
542 1713 647 1791 potest
662 1700 676 1790 (
684 1703 714 1786 5.
732 1699 852 1788 sss),
869 1700 891 1764 l.
906 1719 969 1784 27,
976 1699 1024 1789 ff
1040 1703 1083 1765 de

72 1796 132 1854 test.
148 1803 210 1856 tut.
227 1791 251 1856 l.
262 1814 317 1873 21,
332 1793 364 1876 5.
380 1791 442 1856 ult.
446 1790 494 1879 ff
508 1792 550 1856 de
564 1815 675 1856 mous.
693 1791 716 1854 l.
732 1793 778 1854 38
787 1838 798 1867 ,
812 1791 842 1874 5.
857 1787 947 1878 8‚ff·
961 1789 1002 1855 de
1017 1790 1082 1856 od·

71 1877 187 1946 minut.
204 1881 303 1952 cuni.
322 1901 377 1966 ry,
380 1878 428 1974 ff
443 1882 485 1945 de
500 1891 564 1946 tut.
579 1881 603 1946 l.
620 1884 677 1959 15,
693 1879 736 1944 de
750 1889 814 1944 tut.
827 1877 901 1944 dat.

100 2021 204 2082 Confer
216 2037 317 2082 notam
335 2026 378 2080 ad
390 2021 417 2102 §.
430 2019 498 2082 248.

412 2169 443 2254 s.
466 2163 734 2232 ccnxvrrr.

102 2317 163 2382 set
181 2283 270 2405 jem}
292 2315 474 2416 quotuplex
494 2317 534 2380 sit
554 2313 716 2395 curetels,
740 2311 987 2401 disquirendum
1009 2315 1081 2384 erit.
1102 2367 1135 2388 ...

64 2403 208 2500 Τυῑείαω
223 2429 320 2584 supra
341 2403 506 2472 divisimus
524 2405 560 2470 in
581 2405 881 2486 testamentariam,
903 2405 1085 2493 legitimum

66 2505 91 2560 et
102 2497 244 2564 dativum
280 2497 310 2582 5.
328 2494 410 2573 208,
427 2493 547 2581 son),
564 2515 608 2558 un
628 2505 662 2558 et
682 2494 835 2562 curatelse
853 2494 991 2562 totidem
1009 2509 1087 2570 sunt

65 2586 190 2672 species?
199 2586 297 2672 Resp.
313 2584 460 2672 minime.
476 2581 585 2648 Detur
598 2582 730 2670 quidem
744 2581 900 2650 curatsts
913 2584 1083 2671 legitimo,

67 2697 130 2760 quae
145 2675 303 2764 proximis
317 2672 441 2758 agnetis
461 2673 513 2738 vel
532 2671 678 2758 cognatis
692 2670 846 2740 defertur.
863 2673 973 2740 Detur
985 2675 1085 2740 etiam

66 2763 193 2843 dativa,
208 2787 282 2852 quae
295 2785 314 2828 n
329 2767 521 2849 magistratu
534 2761 724 2826 mandatur.
738 2761 802 2826 Ast
817 2765 1087 2848 testamefltqr'
1093 2820 1106 2836 ,
1130 2780 1153 2850 ,³
1173 2816 1180 2840 ,
1227 2822 1231 2832 ,

67 2855 154 2940 plane
172 2877 240 2920 non
253 2865 300 2918 est
311 2852 413 2918 locus.
429 2849 519 2918 Nam
538 2859 582 2916 1⁰.
600 2847 674 2926 Lux
689 2849 743 2918 XI
807 2874 825 2914 s
851 2851 881 2914 b.
898 2851 1089 2940 perentibus
1124 2888 1144 2900 -ν
1161 2885 1181 2892 ·’

67 2942 190 3028 quidem
200 2941 394 3028 permiserat
416 2939 531 3028 legare
551 2939 604 3004 vel
622 2950 866 3006 testamentum
886 2940 1087 3006 condereris

69 3031 165 3098 tutela
176 3032 312 3098 sucerei
323 3028 372 3119 (5.
389 3026 493 3114 noll).
507 3028 642 3116 Ulpian.
658 3027 806 3115 Frngm.
820 3029 873 3092 tit.
889 3027 967 3107 XI,
980 3030 1010 3114 5.
1031 3027 1087 3110 14,

67 3141 129 3188 uon
140 3134 249 3188 eutem
263 3121 303 3186 de
317 3119 458 3184 ourstela
472 3140 537 3182 suae
550 3118 609 3182 rei.
625 3129 675 3182 2⁰.
689 3115 884 3185 Aesimum
900 3117 1070 3184 uidebatur
1077 3165 1089 3202 ,
1117 3151 1145 3175 aa

66 3223 184 3297 petrem
197 3211 238 3277 de
253 3209 395 3274 curstela
408 3207 576 3294 disponere
591 3207 626 3271 in
636 3206 671 3272 id
681 3217 828 3293 tempus,
841 3228 908 3292 quo
923 3199 1009 3272 filins
1018 3209 1088 3298 ipse

67 3300 156 3386 possit
177 3300 316 3366 condere
343 3307 583 3363 testamentum.
599 3295 892 3381 Quemadmodum
913 3317 991 3383 ergo
1009 3297 1091 3362 sub·

67 3389 182 3456 stitutio
194 3388 364 3478 pupillaris
380 3398 477 3452 cesset
495 3386 686 3474 pubertate,
702 3385 778 3471 quie
794 3397 887 3472 peter
901 3409 969 3451 non
985 3399 1090 3476 potest

68 3475 130 3545 filio
145 3479 297 3546 heredem
311 3475 476 3541 instituere
492 3477 529 3540 in
542 3473 576 3540 id
594 3485 741 3563 tempus,
758 3498 824 3562 quo
842 3474 852 3540 i
877 3499 909 3542 se
928 3477 1014 3546 filius
1027 3489 1093 3543 tes«

70 3569 127 3632 teri
142 3581 173 3634 et
190 3568 343 3633 heredem
364 3565 556 3630 constituere
572 3576 695 3652 potest,
711 3565 734 3628 l.
760 3562 816 3644 14,
866 3612 874 3628 .
891 3566 932 3630 de
947 3567 1041 3656 vulg.
1058 3579 1093 3632 et

91 3659 184 3742 sipili.
200 3657 334 3723 substit.
349 3654 393 3720 its
410 3664 442 3718 et
456 3665 598 3718 tutorem
611 3655 689 3718 dere
703 3665 806 3742 potest
821 3655 862 3718 ed
880 3666 1010 3744 ternpus
1023 3677 1090 3744 pu-

104 3749 208 3825 nitis,
234 3767 309 3830 non
324 3755 433 3810 autem
457 3751 643 3808 curatorem
666 3755 739 3830 post
763 3743 992 3832 pubertatem,
1013 3744 1090 3830 quie

68 3845 142 3899 tunc
166 3835 250 3902 lilius
272 3835 340 3924 ipse
364 3843 595 3898 testamentum
616 3832 751 3912 condit,
779 3833 923 3920 adeoque
947 3833 1089 3921 provisio

68 3935 195 4010 paterne
209 3946 247 3992 eo
265 3943 365 4014 usque
385 3923 569 4013 pertingere
583 3943 653 3990 nou
665 3932 780 4014 potest.
793 3923 855 3990 nst
867 3923 977 4010 nsque
990 3943 1090 4016 curu·
1145 3981 1147 3986 ,
