2644 4504
142 361 203 427 nn
219 359 461 431 sansone.
474 362 650 438 auron.
665 359 950 432 vnucnnnr.
971 400 974 407 ·
998 379 1062 446 uo

56 493 124 533 oum
134 469 210 558 jore
221 475 237 536 ?
248 485 280 536 et
295 472 375 536 alter
388 495 532 558 congrue
547 471 764 562 respondere?
778 471 870 540 Fido
885 495 961 538 meo
975 493 1061 558 pro-

57 560 141 624 mitto
162 559 206 646 (5.
225 560 327 650 bap).
351 561 425 626 Jam
445 561 575 626 nullum
596 575 642 626 est
662 561 819 642 dubium,
839 561 910 648 quis
925 580 1063 646 respon·
1097 641 1098 646 ἵ

56 647 118 710 dere
132 659 275 714 tencatur
297 652 464 738 congrue?
481 674 600 741 nempe
616 651 781 738 fidejussor
797 664 935 716 tenetur.
953 652 1015 712 Ast
1029 645 1062 710 id
1086 657 1107 758 J

54 748 109 800 eret
126 737 339 826 ambiguum,
366 739 437 828 quis
458 741 658 826 interrogare
683 741 839 806 deberet?
864 741 899 803 Si
918 737 1060 828 pupillus

9 887 10 896 ,
53 821 103 926 lari
114 842 228 914 posset,
245 829 266 893 i.
282 851 311 894 e.
331 829 356 894 si
371 843 448 895 esset
468 831 572 916 major
585 829 678 894 annis
692 841 831 919 septem,
849 830 915 918 ipse
934 835 1062 916 poterat

9 951 10 958 κ
52 927 258 1003 urterrogare,
284 922 361 1006 quia
382 931 415 983 et
434 920 500 985 sine
521 919 711 984 auctoritate
736 919 850 984 tutoris
873 939 941 984 rem
968 937 1063 986 suam

9 1041 10 1046 κ
51 999 141 1068 facere
157 1019 283 1094 poterat
299 1007 468 1074 meliorem
486 1009 535 1098 (5
552 1007 657 1095 atu).
682 1011 728 1072 At
744 1009 844 1095 qnid,
865 1008 890 1072 si
909 1005 969 1071 fari
992 1027 1061 1068 non
1101 1015 1159 1067 't-

53 1095 162 1179 posset?
178 1095 201 1159 si
219 1098 327 1162 adhuc
344 1111 422 1164 esset
437 1095 569 1164 infans?
583 1099 614 1164 T
616 1121 681 1162 nnc
697 1121 771 1164 sane
786 1120 845 1162 nec
859 1108 949 1160 tutor
959 1095 1062 1158 inter·

51 1203 152 1268 rogare
166 1199 314 1274 poterat,
329 1190 405 1276 qnia
426 1188 575 1254 nondum
596 1199 664 1252 erat
683 1198 773 1251 tutor
790 1197 865 1252 ante
882 1182 1062 1250 satisdatio·

51 1292 136 1350 nem,
158 1297 218 1342 nee
246 1277 451 1364 magistratus
476 1277 529 1342 vel
554 1275 685 1363 agnati,
712 1277 787 1362 quia
814 1297 913 1348 nemo
936 1283 1063 1364 poterat

52 1361 130 1427 alteri
142 1366 308 1454 stipulari,
324 1367 354 1452 5
371 1363 413 1446 4,
428 1367 507 1432 inst.
523 1365 564 1430 de
580 1365 692 1430 inutil.
715 1365 830 1450 otipnl.
848 1363 940 1449 Quid
958 1353 1060 1448 ergo?

51 1450 292 1540 Respondebam
305 1467 452 1521 veteres:
469 1463 585 1544 1⁰.pr0
598 1455 724 1544 pupillo
738 1455 937 1539 interrogare
949 1450 1065 1516 debere
1106 1487 1149 1516 ,α

50 1561 187 1625 servum,
216 1545 295 1632 quia
317 1567 427 1610 servus
452 1543 657 1633 stipulatione
685 1565 741 1608 sua
767 1541 910 1630 adquirit
929 1540 1064 1604 domino

50 1630 168 1717 ejusque
196 1635 363 1724 stipulatio
395 1655 464 1698 non
494 1630 631 1698 nisiex
662 1631 784 1696 domini
813 1652 949 1720 persona
979 1629 1065 1694 valet

51 1719 90 1804 (5.
109 1719 212 1810 848.).
232 1727 284 1788 2⁰.
300 1723 334 1787 Si
348 1745 479 1808 servum
493 1745 561 1787 non
581 1721 732 1802 haberet,
751 1717 927 1788 emendum
949 1720 978 1783 ei
999 1739 1063 1782 esse
1105 1757 1144 1771 ω

50 1829 176 1874 servum.
193 1811 243 1878 5⁰·
261 1813 295 1876 Si
309 1835 369 1877 nee
385 1811 419 1877 id
436 1811 506 1878 lieri
519 1826 643 1904 posset,
658 1823 735 1874 tuno
747 1829 878 1878 servum
893 1807 1065 1914 publicum
1125 1859 1182 1888 μ..

50 1893 237 1987 interrogare
251 1901 400 1982 debere,
426 1902 448 1966 l.
474 1924 517 1980 2,
530 1899 578 1990 ff
604 1924 677 1966 rem
694 1923 782 1988 pup.
805 1897 1006 1986 salv..4sore.
1030 1893 1066 1980 Si

49 2007 144 2052 seruus
178 1991 331 2094 publicus
364 1991 618 2076 interrogabat,
643 1989 795 2056 satisdare
827 1985 994 2053 dicebatur
1027 1971 1067 2052 sit

49 2085 209 2164 sapsaaglu,
225 2077 409 2159 tabulario,
427 2077 604 2166 Tlieoplail.
621 2079 669 2144 nd
681 2080 711 2164 5
730 2081 773 2158 3,
789 2075 879 2144 lust.
896 2078 936 2142 de
951 2075 1066 2162 adopt.

47 2165 127 2233 Servi
140 2169 267 2258 publici
282 2169 370 2244 enim
384 2179 477 2242 erant
491 2169 573 2233 varii
586 2173 711 2255 generis
727 2195 735 2230 ε
754 2167 808 2232 alii
823 2179 917 2232 erasit
934 2165 1067 2254 appari-

47 2265 120 2322 tores
133 2261 403 2346 magistratuum,
416 2257 468 2322 alii
482 2257 629 2338 lictores,
646 2256 701 2322 alii
716 2257 854 2323 viatores
868 2255 921 2323 vel
936 2255 1066 2336 nuntii,

46 2345 91 2410 alii
100 2347 260 2414 tabellarii
270 2398 279 2430 ,
290 2349 311 2413 i.
322 2371 351 2412 e.
367 2359 405 2410 ut
419 2347 515 2412 hodie
529 2345 715 2434 loquimur,
731 2347 902 2430 servientes
918 2345 1067 2412 archivo.

46 2431 82 2498 Et
94 2435 142 2502 bis
152 2437 321 2526 praecipue
335 2435 564 2517 incumbebat,
577 2447 613 2498 ut
627 2436 866 2524 interrogarent
877 2458 939 2524 pro
954 2458 999 2524 pn
1024 2435 1067 2499 il-

44 2517 94 2604 lis3
111 2549 170 2592 ceu
192 2550 266 2592 rem
292 2537 442 2591 accurate
460 2526 611 2614 exposuit
633 2525 767 2614 Amaya
786 2577 795 2602 ,
814 2525 833 2592 J
838 2459 1068 2592 urisconsullus

46 2613 311 2700 elegantissimus,
328 2615 367 2680 in
390 2615 578 2688 Commeat.
601 2611 648 2679 acl
670 2615 752 2682 cod.
773 2613 832 2682 tib.
852 2615 911 2694 X,
928 2617 979 2680 tit.
998 2615 1067 2700 69,
1093 2641 1099 2695 q

44 2699 62 2765 l.
77 2707 109 2768 3.
127 2706 212 2788 Sed,
227 2705 355 2792 inquis,
371 2727 436 2792 quo
454 2716 550 2793 pacto
570 2725 681 2768 servus
700 2701 849 2792 publicus
869 2715 997 2793 poterat
1011 2704 1069 2767 sti-

9 2791 10 2796 ’
44 2794 161 2876 pulari,
177 2817 251 2860 rem
266 2791 392 2882 pupillo
410 2789 534 2860 salvam
549 2791 644 2857 sore?
658 2791 702 2856 sie
716 2816 792 2858 saue
811 2793 879 2897 ipse
893 2804 925 2858 et
939 2793 995 2857 alii
1008 2791 1068 2856 sti-

41 2883 228 2968 pulabatur,
245 2895 358 2951 contra
373 2883 536 2969 regulam,
551 2883 581 2968 5.
597 2878 621 2944 4
627 2931 639 2960 ,
654 2881 744 2946 lust.
761 2881 802 2948 de
817 2881 930 2948 anulii.
947 2879 1065 2966 stipnl.
1114 2942 1157 2956 w

43 2969 97 3034 Sed
116 2973 323 3127 respondeo:
345 2973 467 3038 Servns'
484 2969 631 3060 publicus
650 2981 719 3034 erat
736 2993 846 3036 servus
868 2969 965 3036 totius
984 2971 1069 3034 eivi-

42 3061 108 3126 tatis
127 3085 167 3129 ve
201 3060 410 3152 reipublicae,
429 3083 508 3148 ergo
527 3073 559 3126 et
578 3059 714 3150 pupilli,
730 3059 785 3148 qni
801 3069 871 3126 erat
892 3059 981 3124 istius
999 3055 1066 3124 rei-

40 3149 175 3234 publicae
190 3152 281 3218 eivis.
298 3151 385 3236 Ergo
406 3172 473 3214 non
489 3149 587 3216 modo
608 3149 667 3214 toti
687 3149 809 3222 civitati
823 3159 949 3238 poterat
963 3149 1068 3238 stipu-

39 3235 153 3306 latione
168 3264 228 3306 sua
248 3238 435 3327 adquirere,
450 3237 503 3304 sed
517 3249 549 3304 et
561 3237 694 3324 singulis
710 3237 852 3318 civibus,
867 3237 893 3304 si
907 3238 944 3304 iis
958 3237 1068 3303 nomi-

37 3329 137 3397 rtatim
153 3331 193 3396 sti
223 3329 378 3394 ularetur.
402 3327 496 3396 Vidit
517 3329 581 3394 hoe
604 3329 674 3396 lae.
697 3325 939 3407 Gotbofredus,
964 3327 1067 3394 Com-

39 3431 136 3483 meat.
153 3355 221 3484 aad)
221 3419 267 3486 R.
284 3419 319 3483 J.
333 3419 372 3500 ρ.
386 3420 461 3482 322.
479 3415 610 3482 Confer.
628 3428 740 3482 tamen
755 3417 778 3482 l.
795 3419 819 3483 3
827 3469 838 3499 ‚
845 3416 893 3508 ff
910 3417 952 3484 de
961 3431 1066 3506 praet.

35 3509 110 3595 stip.
128 3508 202 3576 etl.
222 3531 256 3588 1,
273 3507 303 3594 5.
319 3503 364 3586 4,
373 3503 421 3597 ffi
443 3519 481 3571 nt
496 3508 637 3596 legator.
654 3505 718 3572 Sed
733 3507 830 3574 hodie
852 3508 900 3574 bis
917 3507 1066 3595 ambagi-

36 3591 90 3659 bus
108 3619 180 3662 uon
200 3597 338 3661 utimur.
364 3597 453 3660 Nam
473 3596 500 3661 si
518 3593 679 3661 satisdatio
697 3596 858 3682 exigitur,
881 3597 1017 3677 sufficit,
1039 3597 1067 3664 si

33 3679 236 3773 fidejussores
252 3687 304 3752 vel
323 3683 543 3774 chirographo
564 3707 623 3750 suo
642 3698 797 3767 caveant,
822 3687 874 3752 vel
894 3697 1067 3776 praesentes

32 3773 70 3838 td
82 3787 155 3840 acta
167 3773 353 3856 declarent,
364 3797 396 3840 se
408 3773 593 3862 fidejubere.
609 3775 854 3851 Solemuitatem
869 3778 956 3843 enirn
971 3776 1065 3840 illam

29 3861 279 3967 stipulationum
294 3877 325 3934 et
338 3865 585 3956 responsionum
603 3863 638 3930 in
655 3863 732 3932 ioris
747 3867 863 3934 nostris
876 3885 1062 3955 numquam

29 3969 229 4042 receprmns.
267 4033 271 4038 Ι
907 3967 910 3972 “
