2756 4504
780 211 825 266 aa
881 235 886 244 .
972 180 1005 242 ’,ἱ

238 376 302 462 57⁰
430 403 434 410 -
499 369 1015 450 mannitionis·

230 505 312 570 ergo
325 481 489 564 diximus,
503 479 721 548 derivativum
736 503 800 552 esse
821 478 1015 568 adquirendi
1030 474 1187 554 modum,
1203 468 1270 536 ubi

233 571 419 640 dominium
439 569 480 638 ab
499 592 565 638 nno
586 570 628 638 ad
645 572 785 656 alterurn
801 563 991 636 transfertur
1002 592 1016 644 a
1032 567 1077 632 ita
1090 563 1177 632 clara
1188 560 1270 647 jam

232 663 295 728 erit
309 658 488 729 traditionis
502 657 666 738 definitio,
682 659 771 748 quod
783 660 824 726 ait
844 659 966 726 modae
980 653 1187 746 adquirendi
1202 650 1268 716 de-

185 821 189 828 ,
233 749 420 836 rt'ontivnap
433 772 502 838 quo
517 747 677 822 dontinus
689 748 842 836 iqnijtta
858 759 891 814 et
904 743 1064 814 animum
1084 731 1271 813 alienandi

233 838 335 924 hithe!
344 886 353 918 2
373 863 446 917 tw
464 838 674 928 corporalem
687 837 839 926 eejmea
849 859 974 904 conato
985 838 1023 902 in
1037 835 1269 920 accipientem

234 928 409 1016 tranasirt.
438 927 518 994 lude
544 927 653 1006 atatim
681 925 791 998 fluunt
819 925 971 1013 requisita
1002 921 1181 993 traditionis
1202 920 1270 1002 ¹vel

233 1017 400 1088 axiomata
413 1016 588 1104 sequeutia.
606 1016 659 1102 (L)
678 1015 791 1083 Trodi
802 1025 952 1103 pereunt
970 1039 1022 1082 rea
1042 1009 1267 1100 corporales,-

233 1129 279 1172 en
292 1106 382 1171 enim
393 1105 469 1172 aolae
485 1105 646 1194 corporali
660 1115 737 1170 actu
751 1106 792 1172 ab
808 1127 874 1169 uno
884 1103 925 1170 ad
938 1105 1079 1174 alterum
1094 1095 1270 1178 transferri

234 1205 381 1285 possunt.
396 1193 464 1263 Res
479 1215 558 1280 ergo
580 1191 625 1283 (a)
636 1193 876 1282 incorporales,
893 1193 992 1260 veluti
1004 1193 1098 1276 jura,
1112 1213 1179 1256 nou
1193 1199 1271 1254 tra-

233 1282 453 1372 duntnr‘paed
467 1281 558 1370 quasi
572 1283 757 1356 traduntur.
777 1281 879 1368 Quasi
902 1282 1031 1346 traditio
1051 1293 1161 1348 autem
1180 1301 1272 1344 oon-

233 1373 312 1438 tistit
328 1376 363 1438 in
379 1373 475 1460 nnius
489 1371 642 1462 patientia
655 1383 687 1438 et
699 1372 830 1441 alterins
846 1373 1010 1442 exercitio.
1027 1373 1064 1438 lt
1081 1393 1114 1457 g.
1125 1369 1151 1434 si
1163 1367 1268 1432 alicui

233 1463 325 1548 qnasi
347 1461 474 1534 tradere
497 1461 595 1528 velim
613 1463 672 1544 jus.
686 1461 844 1544 venandi,
866 1459 1006 1540 suffieit,
1024 1461 1049 1524 si
1072 1481 1142 1548 ego,
1155 1459 1270 1546 patiar

233 1551 329 1626 illuni
345 1550 475 1630 venari,
492 1561 525 1626 et
538 1551 604 1637 ipae
618 1571 670 1622 me
683 1549 803 1630 acienta
815 1561 927 1617 aetum
940 1549 1079 1636 venandi
1093 1557 1268 1636 marceat,

234 1643 258 1706 l.
279 1664 309 1720 a,
323 1641 437 1726 §.nit
447 1637 495 1729 ff
516 1639 558 1706 de
576 1640 611 1704 S.
631 1639 679 1704 R.
699 1640 744 1718 R,
765 1639 890 1709 Deinde
909 1662 951 1709 ex
970 1639 1085 1706 'eodem
1097 1637 1270 1706 axiomata

233 1729 379 1818 seqnitur
395 1729 438 1818 (a)
459 1741 495 1800 ut
513 1728 641 1800 traditio
659 1727 717 1806 fiat
738 1729 789 1798 vel
810 1729 1035 1816 ncnnraliter,
1056 1729 1108 1796 vel
1125 1723 1270 1816 aymboe

234 1821 318 1899 lire,
344 1819 395 1884 vel
416 1818 523 1908 longo
543 1841 673 1898 mann,
697 1818 759 1886 vel.
774 1817 871 1884 brevi.
893 1839 1019 1901 aaronita
1037 1815 1271 1900 Naturaliter

233 1909 289 1990 fit,
306 1908 334 1974 si
354 1919 430 1974 actu
451 1905 613 1995 corporali
636 1929 685 1972 res
704 1908 741 1991 *in
757 1907 904 1990 alterum
922 1907 1135 1996 accipientem
1152 1917 1270 1970 trane-

232 1997 356 2078 sertur,
377 2019 407 2062 e.
425 2017 457 2084 g.
473 1996 498 2060 ai
517 2017 588 2060 rem
605 1995 759 2072 mobilem
770 2018 788 2062 e
799 2019 897 2071 manu
910 1995 946 2062 in
957 2019 1097 2080 manum
1110 1996 1153 2062 do
1165 1991 1215 2077 ,si
1228 1993 1270 2061 in

233 2084 588 2162 immobilemalterurn
597 2085 730 2154 induco.
742 2085 931 2172 Symbolt'ce
940 2086 1091 2170 traditur,
1100 2081 1126 2154 si
1136 2086 1210 2152 loco
1218 2081 1271 2150 rei

234 2173 328 2243 atteri
343 2174 472 2246 tradam
485 2173 576 2262 tigna
598 2175 666 2254 rei,
682 2197 710 2240 e.
734 2196 767 2261 g.
784 2175 904 2260 oteres,
923 2176 1148 2260 inatrumenta.
1168 2173 1270 2252 'salia

234 2267 335 2332 etiam
346 2275 393 2332 eat
404 2262 599 2332 effeetueatio
612 2262 648 2328 in
669 2263 773 2339 vicina
790 2263 923 2332 Geldria
932 2313 944 2348 ,
962 2265 1002 2332 de
1017 2288 1081 2352 qua
1094 2262 1272 2355 pererudi-

236 2367 289 2438 tua
302 2363 408 2422 exstat
420 2351 546 2419 libellas
559 2351 716 2421 Frideriai
737 2377 755 2420 a
776 2354 893 2419 Sande.
912 2353 1039 2444 Longo
1057 2376 1166 2420 mann
1177 2351 1271 2419 tradi

233 2467 285 2511 ras
299 2443 418 2509 dicitnr
430 2489 440 2522 ,
454 2442 481 2508 si
499 2463 571 2508 rem
590 2442 627 2506 in
640 2442 771 2508 alterius
786 2454 960 2532 conspectu
979 2465 1116 2531 ponam,
1131 2443 1185 2508 hio
1199 2463 1270 2506 au-

236 2547 304 2600 tem
318 2552 393 2596 eam
406 2552 474 2596 non
488 2531 646 2618 attingat,
661 2530 721 2614 nisi
734 2532 845 2598 oeulis.
863 2532 972 2600 Brevi.
982 2551 1093 2600 mann
1107 2529 1223 2611 trado,
1239 2532 1270 2597 si

235 2621 342 2688 verbis
358 2619 507 2700 declaro,
522 2642 576 2686 me
589 2641 661 2685 rem
674 2621 828 2686 traditam
845 2621 943 2701 velle,
965 2643 1043 2706 cum
1068 2634 1179 2705 tamen
1195 2618 1277 2709 ipae

237 2713 330 2780 iliam
342 2709 414 2797 jam
427 2708 606 2797 possideat,
622 2732 650 2774 e.
671 2732 703 2794 g.
718 2710 744 2773 ei
755 2710 851 2775 alieni
865 2711 1104 2775 commodarim
1120 2709 1244 2775 librum
1259 2760 1272 2790 ,

235 2821 379 2887 eumque
400 2798 449 2866 illi
473 2810 582 2890 postea
603 2803 744 2879 vendam
759 2811 796 2866 et
818 2798 948 2878 dicam,
969 2799 1274 2868 commodatarium

236 2913 327 2982 possa
342 2888 436 2956 iilum
450 2889 608 2962 retineres
621 2889 809 2956 tunoenim
831 2889 963 2978 perinde
977 2901 1041 2970 ast,
1055 2912 1096 2953 ao
1112 2887 1138 2952 si
1160 2887 1274 2953 tradi-

45 2950 218 3092 ἅψῃ
237 2980 364 3047 distem.
391 2973 464 3066 (ΙΙ.)
490 2976 637 3042 Axioma
657 2989 705 3042 est
717 3011 733 3052 3·
753 2975 854 3043 tradi
871 3001 923 3044 ree
948 2977 1046 3044 dotet
1068 2977 1270 3070 nglffl‘rgo.
1284 2955 1360 3070 iila

238 3073 357 3158 Quum
371 3067 480 3149 enim,
495 3067 583 3154 quod
600 3067 751 3153 quianon
766 3066 884 3149 habet,
900 3066 994 3132 altori
1010 3067 1087 3132 dare
1102 3079 1272 3156 nequeat:
1375 3103 1376 3106 ¹

238 3157 418 3250 quomodo,
433 3177 555 3244 quaeso,
571 3155 685 3242 aliquia
698 3154 866 3221 tramierat
878 3155 1049 3222 traditione
1063 3155 1272 3238 dominium,

193 3265 199 3276 “
238 3248 328 3338 quod
341 3248 410 3338 ipse
423 3243 628 3310 nonhabet?
642 3247 732 3334 Ergo
748 3245 775 3310 si
790 3268 810 3310 a
827 3267 895 3311 non
910 3246 1044 3314 domino
1056 3243 1179 3334 aliquid
1192 3245 1228 3310 b.
1247 3245 1273 3312 f.

240 3337 389 3426 arripio,
403 3335 589 3422 fioquidem
609 3334 642 3400 b.
658 3331 682 3398 f.
695 3358 872 3426 possessor,
886 3335 942 3401 sed
960 3359 1029 3406 non
1046 3335 1209 3402 dominus.
1236 3335 1277 3402 Si

240 3429 324 3508 ecio,
341 3425 437 3490 illum
455 3423 629 3493 dominum
645 3447 810 3504 neeesse,
829 3425 873 3492 fio
889 3425 984 3492 maleo
1004 3425 1078 3494 fidei
1100 3447 1274 3528 possessor,

183 3549 200 3561 ··
241 3540 310 3584 non
324 3513 498 3594 dominus,
521 3515 551 3598 §.
575 3513 712 3597 576..A
734 3513 860 3604 pupillo
880 3523 1010 3604 quoque
1026 3517 1213 3584 dommium
1236 3515 1276 3582 in

242 3630 297 3672 me
324 3599 489 3672 transferri
514 3603 627 3690 nequit
652 3602 721 3670 sine
744 3603 933 3670 auctoritate
955 3605 1081 3674 tutarie-
1107 3605 1276 3694 Quamvis

241 3695 332 3764 enim
349 3690 574 3772 sitdominus,
590 3703 699 3757 tamen
718 3715 786 3758 non
802 3693 940 3760 habetur
955 3717 1017 3785 pro
1034 3693 1170 3785 persona
1193 3717 1275 3786 per·
1373 3687 1375 3722 ³

240 3786 326 3854 secta
340 3781 383 3847 ob
403 3781 532 3850 aetatem
553 3779 800 3872 imperfectam,
821 3786 853 3872 ς.
870 3783 945 3871 298.
965 3785 1053 3872 Ergo
1070 3783 1153 3870 nibil
1167 3795 1278 3872 potest

240 3896 359 3964 egere,
375 3892 419 3937 ex
431 3894 497 3960 quo
512 3871 652 3940 deterior
664 3873 733 3962 ejus
743 3874 890 3940 conditio
901 3873 972 3940 fieri
985 3874 1100 3963 poerit,
1112 3875 1182 3948 eine
1193 3896 1280 3944 ano.-

243 3963 375 4034 toritate
394 3963 527 4048 tutoris,
552 3963 584 4050 §-
609 3963 684 4035 251·
708 3966 800 4053 Ergo
817 3985 877 4034 nec
898 3964 1085 4032 domimum
1101 3963 1280 4042 traditione
