2710 4504
195 339 240 408 aa
437 352 442 360 ·
493 347 668 458 ursan
695 353 730 436 1,
757 302 870 423 rrr.
896 356 928 424 r.

264 470 267 474 ’
596 513 628 598 ς.
651 513 828 584 xxrrr.

243 653 398 742 Sequitur
416 658 518 726 altera
533 633 666 746 justitiae
684 667 798 734 divisio
816 695 826 732 :
845 679 892 734 est
913 671 1025 752 enim,
1049 686 1093 736 ex
1116 671 1232 736 docto·

197 761 283 807 rum·
296 747 453 813 sententia
465 799 475 830 ,
500 751 551 816 vel
573 754 761 823 universalis
782 759 835 824 vel
858 759 1085 850 particularis,
1107 771 1140 825 et
1156 760 1231 826 haec

195 829 317 896 iterum
340 836 393 900 vel
415 844 652 909 commutativa
674 847 737 911 vel¹
769 847 974 928 istributiva3
1003 849 1059 914 sed
1091 861 1235 937 utraque¹

95 915 98 922 ’
190 937 314 1009 parum
330 939 494 992 accurata.
515 931 710 998 Videbimus
726 935 948 1018 definitiones,
973 949 1006 1002 et
1029 938 1161 1026 quidem
1183 959 1230 1005 ex

195 1022 307 1076 mente
321 1011 509 1082 Aristotelis
517 1067 528 1099 ,
543 1042 585 1084 ex
601 1023 694 1109 cujus
710 1048 816 1114 praece
842 1026 879 1091 tis
894 1027 1072 1092 moralibus
1091 1029 1146 1092 illa
1160 1037 1234 1093 tota

170 1177 173 1184 .
197 1097 313 1166 divisio
326 1100 473 1170 desumta
488 1119 544 1172 est.
565 1110 780 1180 Universalrb
790 1049 985 1204 pbilosopho
996 1116 1089 1183 illiS.
1099 1113 1183 1182 Era.
1198 1139 1228 1195 r,

196 1198 246 1252 θεῖ
259 1192 345 1276 &etri
365 1203 457 1264 τιλειί
475 1231 542 1286 ηας
565 1203 666 1290 lupa,
681 1204 875 1270 exercitium
896 1206 1047 1270 omnium
1069 1207 1235 1274 virtutum

196 1297 275 1366 erga
293 1285 383 1350 alios.
405 1289 496 1376 Ergo
509 1293 536 1354 si
551 1293 623 1380 quis
640 1307 673 1358 et
684 1294 788 1379 justus
802 1306 835 1359 et
849 1294 988 1362 liberalis
1009 1305 1042 1360 at
1062 1295 1230 1360 humanus

195 1379 232 1432 et
247 1373 410 1439 modestus
425 1391 491 1458 ast,
502 1380 608 1466 justus
622 1383 673 1448 vir
685 1383 746 1447 erit
761 1384 868 1470 quoad
881 1385 1039 1472 justitiam
1056 1386 1227 1450 universa-

193 1454 274 1522 lem.
300 1462 427 1530 Juetitia
447 1472 677 1554 particularia
696 1484 763 1551 est,
788 1495 862 1560 quae
881 1486 1008 1538 coercet
1030 1472 1228 1553 avaritiam,

197 1546 345 1636 adeoque
363 1553 399 1617 in
420 1555 512 1622 bonis
532 1561 675 1626 externis
689 1583 750 1626 nec
772 1561 831 1627 sibi
874 1563 925 1627 lus
938 1563 1040 1643 lucri,
1057 1585 1117 1627 uec
1137 1563 1236 1628 alteri

195 1635 272 1788 plus
291 1642 397 1708 oneris
412 1645 547 1727 tribuit,
563 1673 664 1738 quam
687 1662 826 1740 oportet.
849 1587 888 1717 l.
911 1673 944 1738 g.
964 1653 991 1716 ei
1013 1653 1085 1739 quis
1101 1650 1232 1732 officia,

223 1746 338 1794 oneres
350 1781 360 1811 ,
374 1735 509 1822 praemia
525 1737 718 1806 distribuens
735 1763 802 1806 non
826 1741 974 1828 indulget
992 1741 1156 1819 avaritiae,
1171 1739 1228 1805 sed

118 1889 123 1895 .
198 1833 297 1880 suum
314 1821 431 1909 cuique
446 1824 581 1910 tribuit,
598 1829 830 1920 particularem
842 1831 1000 1915 justitiam
1018 1829 1125 1896 colere
1146 1829 1233 1894 dici-

193 1905 266 1968 t'ur.
282 1907 365 1972 Haec
380 1913 431 1977 vel
450 1920 686 1984 commutativa
701 1930 748 1984 est
762 1919 815 1985 vel
829 1919 1044 1986 distributiva.
1064 1919 1232 1985 Commu-

200 1994 312 2062 totivc
328 2011 394 2080 est,
412 2025 487 2088 quae
509 2007 550 2069 ad
569 2029 640 2072 rem
654 2059 663 2087 ,
678 2031 747 2072 non
760 2008 801 2072 ad
820 2031 965 2096 personae
981 2009 1149 2096 qualitates
1164 2030 1232 2072 res·

197 2080 302 2181 picit,
325 2089 470 2176 adeoque
490 2093 669 2182 perfectam
691 2098 909 2184 aequalitatem
932 2098 1105 2178 obaervat,
1128 2097 1235 2184 qualis

197 2189 235 2233 m
257 2179 478 2244 contractibus
504 2195 660 2248 versatur.
685 2187 724 2250 E.
751 2208 784 2271 g.
808 2187 910 2274 pistor
932 2209 1050 2276 panem
1073 2210 1140 2252 nou
1165 2186 1231 2250 alio

196 2261 305 2344 pretio
327 2267 438 2332 vendit
455 2273 595 2337 senatori
615 2295 716 2360 quam
738 2275 840 2340 autori
856 2303 864 2339 ε
879 2276 1012 2342 sialiter
1032 2288 1158 2364 ageret,
1173 2276 1231 2338 in-

193 2346 300 2430 justus
322 2366 410 2419 esset.
432 2357 680 2428 Distributivo'
693 2356 808 2428 contra
829 2376 897 2446 est,
925 2388 998 2452 quae
1020 2367 1062 2432 ad
1084 2387 1233 2454 persouae

196 2439 367 2522 qualitates
389 2447 540 2534 respicit,
564 2451 708 2540 adeoque
730 2453 947 2540 aequalitatem
970 2477 1038 2520 non
1056 2455 1232 2534 observat,

192 2525 258 2592 nisi
272 2535 521 2618 geometricam,
537 2562 638 2625 quam
652 2553 783 2608 vocant.
798 2545 839 2610 E.
854 2565 887 2632 g.
901 2544 1054 2634 princeps
1066 2542 1231 2608 distribuit

193 2613 302 2683 officia
318 2646 327 2684 ε
348 2644 455 2691 unum
476 2629 696 2694 consiliarium
716 2630 813 2713 facit,
836 2633 976 2698 alterum
995 2632 1229 2712 secretarium,

193 2705 330 2774 tertium
344 2715 530 2797 consulem,
546 2730 701 2806 quartum
721 2733 918 2809 praetorem,
941 2723 1093 2810 quintum
1112 2721 1229 2786 carni·

112 2865 117 2874 ¹
193 2793 302 2862 ficem.
329 2799 388 2866 An
410 2805 548 2890 injustus
571 2807 644 2874 ideo
656 2859 665 2889 ,
690 2811 778 2898 quod
802 2811 892 2876 huuc
914 2833 983 2878 nou
1004 2811 1227 2880 consiliarium

191 2880 293 2968 fecit,
310 2893 398 2976 quod
420 2896 640 2983 aqualimtem
666 2921 734 2964 non
758 2899 958 2982 observavit,
987 2923 1090 2987 quum
1113 2923 1228 2966 ourues

193 2973 258 3038 sint
272 2977 420 3048 homines
434 3035 443 3062 ,
458 3008 571 3053 omnes
585 2988 699 3054 cives?
714 2988 788 3053 Imo
803 2989 941 3077 injustus
959 3002 1038 3055 essct·
1055 2989 1229 3078 princeps.

192 3062 220 3128 si
248 3069 401 3136 omnibus¹
422 3075 536 3141 eadem
560 3099 697 3143 munera
723 3077 954 3144 demandasset.
978 3079 1020 3144 In
1046 3079 1230 3144 bonoribus

192 3153 303 3235 enim‘,
316 3162 459 3247 praemiis
473 3177 505 3228 et
521 3167 627 3254 poenis
641 3165 868 3234 distribuendis
880 3190 948 3232 non
963 3168 1005 3233 ad
1019 3169 1225 3248 ramsolam,

192 3243 295 3309 aedad
326 3271 449 3316 ersonae
458 3254 647 3340 qualitatem
659 3257 974 3346 respiciendum.Uti
982 3279 1049 3322 non
1057 3257 1226 3344 exquovis

191 3329 284 3417 ligno
297 3270 335 3400 dt
344 3339 544 3424 Mercurius,
558 3345 602 3408 ita
611 3367 671 3410 uec
683 3368 726 3411 ex
735 3347 849 3432 quovis
861 3346 993 3412 bomine
1005 3347 1227 3426 consiliarius,
1246 3413 1250 3418 .

190 3425 403 3510 secretarius,
423 3432 537 3496 consul
559 3433 611 3500 vel
634 3435 791 3500 carnifex.
814 3436 864 3498 Ita
881 3435 1027 3502 doctores
1048 3458 1090 3502 ex
1114 3447 1225 3502 mente

191 3509 388 3579 Aristotelia.
412 3518 582 3604 Quaeritur
602 3523 734 3609 itaque,
760 3545 804 3588 an
827 3523 897 3594 haec
920 3523 1034 3592 divisio
1079 3525 1228 3592 robanda

191 3598 245 3666 ait.
275 3604 432 3670 Diximus
451 3607 487 3670 in
514 3609 577 3674 hoc
602 3611 834 3701 paragrapho,
862 3635 900 3679 aa
920 3636 979 3679 nos
1000 3549 1094 3679 laede
1115 3636 1225 3690 carere

191 3711 299 3780 posse,
315 3693 391 3780 quia
403 3693 540 3762 sufficiat
551 3697 642 3786 prior
656 3722 700 3765 ex
712 3700 830 3767 Grotio
841 3713 959 3768 sumta.
978 3702 1041 3767 Sed
1053 3702 1223 3784 addimus,

188 3799 263 3844 eam
281 3804 323 3848 ue
342 3796 530 3852 accuratam
543 3787 676 3874 quidem
693 3812 769 3856 esse.
792 3791 883 3856 Nam
900 3799 945 3857 1⁰.
960 3791 995 3856 in
1011 3791 1222 3857 divisionibus

189 3885 297 3938 aarum
322 3871 513 3942 membrum
539 3899 608 3946 uon
638 3877 733 3947 debet
761 3880 903 3978 alterum
930 3879 1220 3976 comprehendere.
