2710 4504
158 393 218 459 nn
239 395 355 502 suan
375 373 775 478 NArnnAE,'onnr.
798 391 857 485 nr
880 385 971 486 civ.
1012 393 1073 453 '101

312 505 315 512 ¹
445 509 504 645 ²5.
528 557 666 624 xn11.
851 523 854 532 ’

109 717 257 786 Redimus
271 721 312 786 ad
326 721 525 812 superiorem
543 721 744 794 divisionem.
765 722 823 788 Jns
840 731 910 788 erat
926 719 979 784 vel
995 717 1081 784 divi-

15 829 19 884 μ
74 830 137 872 anm
160 811 208 876 vel
229 811 414 878 humanum
438 838 446 876 ε
471 803 621 881 divinum
641 812 761 876 iterum
784 811 836 880 vel
856 809 1005 876 naturale
1029 806 1087 872 v'el
1155 814 1162 828 ‘

15 927 20 983 ¹,
72 897 239 982 positivum.
259 899 312 966 De
332 899 484 964 Naturali
500 901 657 986 hactenus
671 900 814 967 diximus
828 925 837 962 a
852 899 997 985 seqnitur
1010 897 1082 982 jam

73 985 244 1053 Positirnm.
268 991 325 1054 Est
340 1011 416 1054 vero
430 989 497 1054 Jua
511 987 670 1056 dictinum
679 991 893 1075 positivum,
914 987 1007 1075 quod
1017 1007 1082 1072 per
1129 1052 1134 1062 ,

73 1099 169 1148 sacrae
182 1077 314 1142 litteras
329 1077 606 1166 promulgatum,
620 1078 744 1145 excola
755 1089 845 1145 rectu
860 1079 995 1144 rasione
1009 1097 1081 1140 non

15 1200 20 1243 t
73 1163 243 1230 linconen.
271 1167 419 1232 Maxime
441 1189 518 1253 ergo
540 1171 568 1231 a
582 1167 722 1232 naturali
742 1165 867 1248 differt,
890 1165 1039 1252 quamvis
1061 1185 1081 1228 a

15 1250 22 1365 q
71 1249 128 1316 Deo
142 1266 320 1342 utrumqne
330 1255 382 1323 sit.
404 1255 494 1322 Nam
518 1264 563 1321 1⁰.
585 1257 732 1322 naturale
754 1267 801 1324 est
842 1279 878 1320 er
896 1255 1080 1332 rationem,

16 1376 17 1423 t
71 1335 120 1404 hoc
132 1364 189 1431 per
201 1367 309 1429 sacras
321 1343 442 1408 litteras
460 1346 719 1433 promulgatum.
736 1355 779 1414 2⁰·
794 1280 879 1410 Illud
895 1355 940 1410 est
953 1355 1082 1410 aeternae

16 1436 20 1505 ζ
70 1431 275 1513 necessitatis,
296 1443 327 1498 et
357 1433 401 1497 ita
424 1456 502 1500 cum
527 1445 613 1500 recta
638 1436 764 1502 ratione
785 1433 1000 1520 conjunctum
1012 1481 1022 1512 ,
1046 1441 1084 1495 nt

16 1564 21 1587 .
71 1519 110 1582 vn
124 1541 157 1584 ea
175 1521 244 1586 sola
265 1521 445 1598 innotescat
464 1523 539 1614 ipsis
560 1523 658 1614 etiam
681 1523 840 1611 gentibus.
862 1521 912 1588 At
931 1521 995 1588 hoc
1014 1527 1089 1586 non'

16 1616 20 1669 Ξ
70 1619 104 1676 nt
118 1621 242 1676 aeternac
267 1611 480 1692 necessitatis,
496 1613 552 1679 sed
573 1635 615 1680 ex
636 1613 737 1680 libera
752 1615 815 1680 Dei
833 1611 1002 1680 voluntate
1023 1611 1084 1675 de-

15 1692 19 1711 '
70 1697 190 1782 pendet,
217 1699 365 1786 adeoque
390 1701 525 1768 nesciret
547 1703 679 1783 homo,
706 1703 740 1768 id
765 1703 889 1786 justum
911 1723 998 1780 esse,
1021 1699 1084 1768 nisi

70 1806 148 1850 sacrae
158 1789 277 1854 litterae
289 1789 321 1852 id
331 1790 498 1874 docerent,
511 1815 539 1857 e.
554 1815 586 1878 g.
602 1815 675 1878 quae
692 1791 780 1860 Deus
797 1789 947 1858 israelitis
960 1811 1084 1878 praece·

16 1851 17 1906 l
69 1885 143 1972 perat
158 1877 197 1941 de
213 1877 482 1960 circumcisione,
497 1881 536 1944 de
553 1879 735 1962 sacrificiis,
755 1881 794 1944 de
808 1903 866 1946 usu
889 1877 1083 1962 animalium

16 1967 17 2022 t
67 1983 261 2050 impurorum
283 1967 467 2055 prohibito,
482 1979 574 2036 erent
594 1969 669 2054 jura
690 1968 823 2047 divina,
842 1969 897 2034 sed
918 1989 991 2052 quac
1013 1987 1083 2031 non

16 2036 20 2151 Ι
69 2065 143 2119 aaut
163 2066 297 2128 aeternae
319 2055 532 2140 necessitatis3
554 2079 616 2124 nec
635 2057 719 2122 ratio
739 2057 858 2129 Judreis
876 2056 997 2122 dictare
1020 2077 1084 2144 po-

16 2154 21 2244 j
70 2140 180 2226 luisset,
206 2142 301 2224 nefas
331 2167 417 2224 esse,
442 2169 534 2212 suem
557 2147 609 2212 vel
635 2146 783 2235 leporem
805 2146 996 2224 comedere,
1023 2143 1084 2214 nisi

17 2272 21 2281 .
69 2231 207 2319 scriptura
229 2233 268 2301 id
289 2234 469 2304 revelasset.
498 2237 557 2302 Jns
577 2236 641 2302 hoc
663 2236 841 2324 positivum
870 2235 1017 2301 divinum
1047 2235 1083 2298 in

16 2321 20 2340 '
72 2315 264 2388 Universale
274 2323 537 2400 etPartt'culare
551 2323 717 2390 dividitor.
737 2325 939 2394 Unica-sate
951 2335 1087 2402 vocant,

16 2391 19 2474 l
68 2409 139 2492 qnod
153 2412 214 2482 toti
234 2411 348 2498 generi
365 2412 512 2479 humano
531 2437 728 2494 commune,
742 2438 771 2482 e.
789 2437 821 2501 g.
838 2416 923 2501 leges
943 2411 1028 2480 Gan.
1037 2437 1083 2498 9θ

16 2483 20 2582 l
69 2497 208 2568 &Levia
225 2505 289 2581 18,
303 2524 346 2566 ao
361 2527 368 2564 :
385 2502 623 2584 Particulnre,
640 2503 729 2590 quod
745 2504 833 2590 genti
848 2504 994 2576 ludaicae
1005 2525 1086 2590 pro-

16 2645 21 2701 Ι
67 2589 159 2670 prium
179 2602 247 2670 est,
273 2611 303 2654 c·
323 2611 355 2676 g.
378 2593 462 2678 leges
476 2593 516 2660 de
538 2593 803 2672 circumcisione„
820 2593 983 2660 sacrificiis
993 2643 1003 2674 ‚
1023 2615 1085 2660 usn

17 2714 20 2725 ι
68 2678 270 2758 animalium,
295 2681 405 2767 lepra,
427 2692 460 2746 et
477 2681 610 2768 reliqnae
630 2683 858 2747 ceremoniales
880 2693 912 2747 ct
930 2679 1080 2758 forenses.

66 2764 135 2830 Sunt
153 2769 311 2854 quidem,
332 2770 389 2854 qui
405 2769 478 2834 luri
502 2769 675 2836 universali
695 2772 832 2857 positivo
856 2782 957 2835 status
977 2763 1096 2858 quaes-¹

17 2826 22 2943 l
68 2851 172 2920 tionem
188 2867 348 2938 movent,
362 2870 567 2945 negantque,
581 2859 769 2938 huiusmodi
783 2860 841 2924 lus
856 2859 927 2925 dari
942 2859 1022 2934 ised
1042 2861 1082 2924 de

17 2956 22 3033 Ἰ
67 2963 94 3004 ea
106 2945 323 3012 controversia
344 2947 419 3012 alibi
438 2949 500 3012 erit
519 2947 647 3015 dicendi
663 2948 771 3028 locus,
788 2970 864 3012 cnm
884 2947 975 3012 illam
996 2949 1081 3015 tirc-

16 3066 23 3222 q
67 3051 111 3096 nes
122 3035 344 3123 nuncapiant.

15 179 16 272 l

15 427 19 480 i

15 520 19 620 q

15 717 19 828 t

456 3172 486 3258 ς.
510 3170 673 3238 xn111.

101 3317 335 3405 Progredimnr.
347 3317 388 3384 ad
408 3319 427 3383 J
431 3341 467 3384 ns
482 3319 668 3384 humanum
681 3319 732 3386 vel
746 3319 862 3400 civile,
882 3319 1026 3409 adeoque
1042 3321 1086 3388 ad

67 3406 183 3472 tertiam
196 3410 297 3494 hujus
309 3408 400 3472 ‘tituli
409 3420 549 3498 partem.
564 3407 695 3473 Dicitur
708 3409 735 3473 J
735 3433 776 3476 uc
792 3409 980 3498 civilc,jns
992 3413 1085 3500 qnod

67 3497 197 3584 quisque
219 3497 374 3584 populus
394 3495 462 3562 siti
485 3498 664 3564 constitnit
686 3508 718 3564 et
747 3498 910 3586 qu'usqua
934 3501 1084 3566 ciuitatis

66 3585 241 3672 proprium*
254 3604 320 3664 est,
335 3585 357 3649 l.
370 3609 394 3672 9
407 3634 417 3666 ,
423 3584 470 3675 ff
486 3585 528 3652 de
541 3587 634 3651 Just.
656 3598 688 3650 et
707 3586 804 3651 lure.
826 3587 924 3654 Unde
946 3587 1085 3654 differta

69 3669 135 3736 lure
158 3672 315 3740 Naturali
336 3684 368 3738 et
388 3673 570 3756 Gentium,
593 3675 681 3762 quod
701 3697 769 3740 non
792 3675 850 3742 nni
872 3676 970 3742 alicui
996 3677 1085 3763 genti

68 3760 111 3822 rel
123 3761 248 3827 civitati
263 3783 326 3852 pro
349 3763 436 3830 rium
447 3811 457 3844 ,
470 3763 525 3828 sed
540 3763 691 3830 universo
707 3765 816 3849 generi
832 3766 980 3830 humano
994 3787 1093 3828 com·-·

70 3855 240 3916 murleest.
266 3785 374 3917 Multa
397 3851 556 3918 nimirum
575 3851 711 3937 singulae
734 3864 843 3938 gentes
869 3854 1085 3941 praecipiunt,

70 3937 160 4004 multu
175 3939 370 4030 prohibent,
386 3963 459 4030 quoe
471 3939 507 4008 in
520 3963 552 4008 se
568 3962 627 4006 nec
646 3940 762 4030 turpia¹
772 3963 832 4007 nec
845 3941 982 4092 hugone
992 3949 1086 4027 sunt‘,

838 4080 840 4085 ·
933 4043 952 4094 ἃ
