2710 4504
215 351 260 431 90
512 339 949 430 LIBER1,11T.1.
1352 426 1353 444 χ

188 450 341 538 :injusti
363 451 528 534 aciemio,
551 451 696 539 adeoque
718 473 827 518 sensus
854 463 900 518 ast
921 477 930 515 ι
951 445 1251 540 Jurispriidentiam
1352 449 1353 474 ¹

218 562 286 618 esse
310 540 572 630 philosophiam,
596 563 669 628 quae
693 543 729 606 in
750 541 828 630 justi
856 553 953 632 atque
978 541 1089 628 injusti
1114 540 1249 605 scientia

103 655 106 662 ·
216 628 379 694 consistat.
395 630 444 694 lta
457 630 641 720 Ulpianum
654 631 708 696 ssd
719 653 839 722 parum
850 641 1011 696 accurate.
1026 631 1116 694 Nam
1131 638 1174 693 1⁰.
1188 626 1252 692 fal-

217 741 293 784 sum
316 731 386 801 est,
412 719 709 808 Jurisprudentiam
730 743 794 786 esse
818 720 1084 809 philosophiam,
1107 719 1160 783 vel
1181 719 1253 805 ejus

217 819 358 898 partem.
382 807 591 900 Philosophia
616 811 705 876 enim
727 810 891 876 doctrinas
912 831 985 875 suas
1008 831 1050 874 ex
1071 809 1139 873 sola
1162 817 1255 872 recta

217 897 346 964 ratione
363 910 532 988 tamquam
549 901 648 964 unico
661 899 877 987 cognoscendi
890 899 1052 989 principio
1069 895 1169 988 petit:
1187 897 1254 960 Ju-

218 987 436 1076 risprudentia
462 991 560 1053 etiam
586 1011 629 1053 cx
651 989 721 1077 lege
740 990 880 1079 scripta,
903 988 1053 1076 quemvis
1066 1009 1109 1053 cx
1124 986 1254 1050 ratione

219 1088 308 1144 recta
323 1078 378 1144 illa
396 1097 466 1142 non
487 1079 678 1144 innotescat.
696 1078 749 1144 Sio
765 1102 794 1143 e.
816 1101 848 1166 g.
867 1076 975 1142 harem
996 1077 1168 1166 suspendio
1187 1097 1256 1163 pu-

219 1165 380 1234 nitendum
400 1190 486 1247 esse,
506 1171 523 1235 J
529 1168 765 1256 urisprudentia
782 1169 901 1247 docet3
921 1167 976 1232 sed
999 1167 1032 1232 id
1054 1163 1257 1255 supplicium

168 1307 170 1310 .
224 1278 293 1342 non
308 1255 409 1321 dictat.
423 1268 513 1322 recta
527 1259 629 1337 iati03
646 1269 692 1323 est
707 1258 979 1344 tamenjustum,
1001 1256 1078 1346 quia
1097 1259 1152 1320 lex
1172 1251 1258 1318 illud

221 1344 357 1432 irrogat.
377 1355 422 1410 2⁰.
444 1346 530 1412 Tota
548 1347 616 1412 heac
638 1347 783 1413 definitio
803 1358 850 1412 est
868 1357 938 1411 orta
959 1367 1003 1422 ex
1025 1344 1259 1422 emulatione,
1353 1359 1354 1384 ³

219 1457 296 1522 quaa
317 1435 402 1501 inter
428 1436 679 1501 iurisconsultus
701 1448 734 1501 et
758 1436 967 1526 philosophos
988 1437 1068 1502 olim
1090 1432 1259 1519 gliscebat.
1353 1455 1354 1470 ³

221 1524 450 1590 iurisconsulti
469 1525 724 1590 contemnebant
741 1526 889 1591 homines
909 1525 1010 1590 barbe
1029 1536 1062 1589 et
1080 1541 1157 1611 pera
1178 1521 1260 1610 phi·

221 1613 394 1702 losophos,
414 1614 533 1702 ignava
550 1638 570 1679 ο
594 1637 671 1694 era,
689 1615 885 1706 philosopha
905 1613 1075 1681 sententia.
1089 1611 1258 1698 Exempla

219 1713 297 1767 sunt
315 1704 388 1769 int.
408 1705 489 1789 s,§.
508 1639 756 1794 officialum.
776 1699 1189 1790 etJure,l.8,§.4,ffi
1215 1699 1260 1764 de

221 1792 350 1858 Escae.
375 1805 437 1859 tut.
465 1793 488 1857 l.
519 1817 552 1874 r,
568 1795 599 1882 §.
615 1801 640 1860 5
653 1845 661 1872 ,
666 1792 714 1884 ff
728 1794 769 1860 de
782 1795 883 1860 Extr.
911 1794 1019 1882 Cogn.
1044 1791 1155 1857 Potius
1178 1809 1261 1872 crgo

222 1903 255 1948 se
272 1903 404 1965 veram,
419 1903 487 1948 non
501 1883 707 1964 simulatam,
723 1883 965 1974 philosophiam
979 1880 1127 1950 affectate
1145 1877 1263 1943 existi·

223 1971 378 2051 mebant,
395 1975 473 2060 qnia
487 1973 637 2038 homines
651 1983 684 2036 et
702 1973 844 2062 premiis
858 1984 891 2038 et
908 1971 1014 2062 poenie
1029 1971 1179 2036 meliores
1191 1963 1261 2032 effi·

223 2083 296 2127 cere
315 2062 497 2128 studebant.
524 2063 559 2128 d.
584 2062 607 2127 l.
630 2088 642 2126 r
650 2110 664 2142 ,
681 2063 712 2148 5.
735 2087 769 2142 r,
792 2061 840 2152 ffi
860 2062 902 2128 ds
920 2063 1013 2127 Just.
1034 2071 1067 2126 et
1081 2059 1179 2125 Jure.
1195 2055 1262 2121 Cui

224 2152 391 2217 sententiae
410 2163 443 2216 et
460 2151 668 2242 Euphrates,
683 2150 914 2241 philosophus,
936 2147 1149 2236 suffragatur,
1170 2145 1263 2235 apud

187 2233 191 2250 '
226 2239 324 2306 Ptin.
348 2240 370 2305 l.
393 2242 435 2321 I,
446 2264 497 2326 ep.
521 2241 580 2322 X,
597 2239 780 2323 affirmans,
795 2263 865 2306 esse
881 2241 970 2306 hanc
980 2237 1212 2330 philosophice
1227 2243 1266 2299 et

217 2330 369 2418 [quidem
381 2331 657 2417 pulcherrimam
664 2342 822 2418 portem,
838 2353 941 2420 ogere
955 2330 1131 2416 negotium
1147 2324 1265 2416 petti-

225 2441 305 2484 cum
318 2469 328 2501 ,
340 2441 540 2508 cognoscere
550 2467 562 2498 ,
564 2421 733 2506 judicare
743 2469 753 2502 ,
763 2430 968 2510 promereat
987 2415 1262 2503 exarcerejurti-

226 2505 334 2588 tiam,
350 2531 494 2598 puoeque
512 2511 581 2598 ipsi
598 2509 763 2591 doceant,
787 2510 825 2574 in
845 2533 911 2574 usu
930 2508 1077 2585 hadere3
1100 2503 1189 2593 quod
1205 2501 1263 2592 ip·

224 2619 300 2662 sum
319 2607 367 2663 est
383 2597 609 2664 iurisconsulti
625 2597 783 2664 officium.
805 2597 887 2664 Haec
900 2598 1009 2686 itaque
1024 2593 1190 2664 aemulatio
1205 2593 1264 2657 in-

226 2696 277 2752 ter
291 2687 310 2752 J
313 2687 542 2753 uruoonsultos
550 2699 583 2754 et
594 2687 803 2778 philosophos
814 2709 891 2754 vera
901 2689 986 2754 ratio
997 2697 1061 2766 ast,
1072 2707 1133 2751 our
1144 2681 1265 2772 Ulpia-

227 2799 290 2842 nus
311 2777 355 2842 ita
370 2775 553 2846 definiverit
572 2777 889 2866 lus-isprudentiam,
904 2788 941 2842 ut
958 2776 1007 2844 illi
1025 2775 1168 2853 tribuat,
1187 2783 1265 2862 quas

226 2865 443 2958 philosophiae
460 2867 630 2934 tribuenda
647 2864 835 2933 existimant
877 2865 1050 2968 hilosophi.
1066 2863 1129 2930 Sed
1144 2861 1264 2927 delini-

227 2963 275 3021 tio
289 2977 331 3022 ex
347 2979 437 3025 mera
452 2959 660 3024 aemulatione
675 2955 818 3047 profecta
833 2891 1026 3048 plerumque
1041 2968 1088 3020 est
1100 2949 1263 3040 tergentes}

229 3047 375 3136 adeoque
389 3071 510 3139 partim
524 3059 689 3114 accurata.

641 3213 862 3302 cxxvi

277 3379 365 3466 Quae
385 3401 463 3444 cum
488 3378 532 3442 ita
558 3379 648 3458 sint,
675 3379 912 3446 accuratiorem
938 3377 1160 3444 definitionem
1189 3374 1271 3444 dare

232 3467 421 3538 maluimus.
437 3467 540 3534 Nobis
559 3471 649 3532 enim
668 3467 928 3557 Jurisprudautia
943 3479 991 3533 ast
1007 3467 1147 3534 lechitus
1159 3489 1272 3554 prac-

233 3561 320 3624 ticus
336 3559 426 3648 leges
448 3568 536 3622 recte
555 3558 831 3644 interpretandi,
848 3557 1113 3646 adplicandique
1136 3557 1201 3622 rite
1221 3555 1271 3622 ad

233 3649 360 3736 species
387 3648 529 3736 quasvis
552 3645 779 3713 obvenientes.
800 3647 914 3714 Genus
934 3649 970 3713 in
993 3648 1056 3712 hac
1078 3643 1268 3711 delinitione

232 3748 281 3803 est
310 3737 450 3804 halitus
485 3736 657 3824 practicus.
688 3736 767 3802 Non
792 3738 881 3804 enim
914 3736 1011 3823 nudes
1041 3733 1273 3823 speculationis
1322 3817 1326 3824 ι

233 3849 344 3894 caussa
354 3827 431 3916 jura
447 3825 658 3910 addiscimus,
672 3827 726 3892 sed
742 3839 780 3893 ut
793 3850 829 3895 aa
844 3828 880 3894 in
895 3849 954 3892 usu
970 3822 1160 3892 habeamus.
1174 3821 1273 3910 Phy-

231 3919 317 3984 sicue
333 3943 364 3987 e.
384 3941 418 4009 g.
436 3925 567 3990 tantum
588 3920 800 4012 speculatur,
823 3917 901 4008 quid
925 3925 1039 3985 vanus
1058 3912 1099 3978 sit
1115 3937 1125 3980 z
1143 3913 1184 3979 in·
1204 3911 1270 3980 hac
