2646 4496
165 323 169 326 ’
211 353 277 422 230
479 349 658 419 crena
686 345 725 435 r,
756 348 868 422 rrr.
896 342 974 420 xr.

208 463 279 552 jam
301 461 418 528 liberos
432 460 550 529 lrabeat
564 483 625 528 nec
641 463 707 528 ne?
727 454 768 526 an
785 461 856 528 haec
867 460 1031 549 arrogatio
1043 461 1175 552 pupillo
1185 474 1245 528 exe

212 554 344 642 pediat?
357 566 419 618 etc.
438 552 486 618 4⁰.
500 553 537 620 F
536 552 774 638 ideJ'uacionem
797 553 849 618 vcl
868 553 1156 634 satisdationem,
1181 575 1243 640 qua

210 655 364 707 caveatur
382 643 430 730 (o)
449 643 675 730 propinquis,
697 641 785 730 quod
805 656 937 708 mortuo
954 645 1042 708 intra
1065 643 1243 732 pubertatis

211 753 314 796 annos
343 745 495 818 arrogato
519 731 602 796 bona
635 733 704 820 ejus
732 740 842 798 omnia
867 733 930 798 illis
951 733 1160 798 restituturus
1181 732 1241 797 sit:

212 821 262 908 (b)
279 823 347 905 ipsi
356 822 515 910 pupillo,
532 819 640 908 quod,
653 823 679 886 si
693 845 770 888 eum
783 823 823 888 sit
836 823 1105 914 emancipaturus
1116 823 1169 888 vel
1180 841 1240 887 ex-

211 911 442 986 tentaturus,
462 912 491 976 ei
511 912 588 976 velit
604 911 770 980 restituere
784 931 851 977 non
866 913 965 978 modo
984 913 1090 992 bona,
1113 932 1188 1000 quae
1202 909 1242 977 ad

209 1011 337 1088 patrem
359 1000 525 1080 attulerat,
543 1021 659 1066 verum
678 1002 778 1066 etiam
800 1013 952 1090 quartam
975 1002 1143 1068 bonorum
1164 1023 1239 1065 suo·

209 1109 309 1170 rum,
326 1091 356 1176 ς.
377 1093 423 1170 3,
442 1091 533 1155 Inst.
554 1090 588 1154 h.
612 1095 636 1156 l.
658 1091 709 1156 De
732 1092 794 1156 hac
812 1106 929 1178 quarta
944 1093 1094 1157 maxime
1109 1090 1241 1178 questio

210 1179 330 1258 oritur,
345 1191 458 1244 utrum
474 1179 681 1264 intelligenda
695 1181 736 1244 sit
752 1193 867 1267 quarta
888 1181 1038 1246 omnium
1055 1181 1239 1260 bonorum,
1312 1221 1313 1224 =

211 1289 255 1330 an
273 1281 388 1354 quarta
403 1269 560 1358 portionis
572 1270 749 1356 legitimae?
768 1271 856 1336 Nam
867 1271 892 1334 si
909 1271 1006 1335 verba
1030 1271 1072 1334 de
1092 1269 1240 1334 omnibus

208 1355 302 1420 bonis
316 1358 525 1445 intelligenda
538 1359 708 1440 ridentur,
722 1360 766 1424 sic
778 1359 895 1424 melior
907 1357 1051 1424 conditio
1070 1359 1134 1424 erit
1150 1380 1240 1424 anc-

207 1455 361 1531 gatorum
378 1471 480 1536 quam
496 1447 695 1512 naturalium
720 1449 917 1528 liberorum,
933 1450 1072 1537 quinon
1089 1449 1152 1513 nisi
1166 1469 1240 1536 por-

209 1538 333 1601 tionem
348 1537 527 1624 legitimam
549 1544 592 1602 e'x
614 1539 704 1602 bonis
719 1539 861 1628 paternis
876 1551 1010 1628 possunt
1028 1537 1240 1626 praetendere.

209 1624 300 1710 Quid
316 1649 396 1713 ergo
406 1627 639 1692 statuendum?
655 1628 753 1716 Resp.
771 1627 934 1694 Omnium
946 1629 1115 1694 bonorum
1127 1637 1239 1714 quarta
1314 1707 1315 1716 ἵ

206 1711 435 1804 intelligenda,
452 1716 494 1804 (a)
508 1717 584 1804 quia
595 1717 638 1782 ita
650 1737 798 1804 expresse
808 1719 927 1785 dicitur
937 1767 946 1799 ,
958 1719 989 1804 5.
1002 1719 1045 1798 3,
1058 1718 1149 1782 Inat.
1167 1717 1198 1781 o.
1213 1726 1237 1781 t.
1314 1759 1315 1762 =

207 1804 231 1868 l.
249 1827 289 1888 2,
305 1805 346 1881 C.
366 1807 409 1870 da
425 1807 585 1894 adopt.'l.
607 1807 667 1872 ult.
678 1805 726 1896 ffi
746 1810 778 1873 ri
798 1807 884 1896 quid
898 1807 1068 1892 infraud.
1085 1806 1176 1872 creci-
1193 1802 1234 1892 (β)
1314 1815 1315 1884 l

207 1895 284 1980 quia
300 1907 416 1982 quarta
432 1896 501 1960 haec'
512 1919 578 1960 nou
592 1897 850 1984 petiturquerela
862 1893 1048 1977 inofficiosi,
1063 1896 1113 1960 uti
1134 1893 1237 1986 portio

206 1983 377 2070 legitima,
405 1986 460 2050 sed
482 1985 591 2074 potius
608 1985 733 2072 judicio
755 1985 886 2052 familiae
906 1985 1126 2068 erciscundae,
1152 1985 1174 2050 i.
1194 1987 1235 2060 8,
1314 1975 1315 2060 l

207 2075 239 2160 §.
260 2081 298 2141 15
307 2125 319 2154 ,
326 2073 374 2164 ff
388 2075 432 2140 de
446 2073 541 2162 inoff.
566 2075 657 2140 Tere.
675 2076 697 2138 l.
718 2097 761 2155 2,
780 2077 810 2160 §-
828 2100 855 2142 ι.
875 2077 979 2141 Fam.
996 2077 1112 2140 arrico.
1127 2073 1236 2160 Atque

207 2165 253 2229 ita
262 2167 379 2230 melior
390 2163 452 2228 erit
466 2163 610 2228 conditio
622 2175 849 2250 arrogatorum
865 2161 1063 2244 liberorum,
1078 2186 1180 2250 quam
1190 2163 1238 2250 ip-

207 2275 320 2320 sorum
350 2253 581 2320 naturalium?
603 2254 701 2344 Resp.
726 2253 805 2318 Non
826 2255 896 2319 erit.
927 2251 1018 2318 Nam
1039 2277 1120 2318 cum
1142 2271 1235 2341 supra

207 2344 410 2422 dixerimus,
427 2363 579 2428 arrogare
593 2363 660 2406 non
677 2365 767 2430 posse
784 2344 964 2422 ordinarie,
979 2343 1036 2430 qni
1050 2343 1169 2421 liberos
1180 2351 1235 2405 na·
1314 2399 1315 2402 ,

135 2469 137 2472 ·
196 2435 326 2506 ,turales
348 2433 461 2511 habet,
485 2428 577 2496 facile
600 2443 707 2520 patet,
728 2455 788 2496 nec
810 2433 849 2496 iis
872 2432 1102 2522 praejudioium
1125 2425 1233 2498 inferri

230 2525 313 2600 osse,
329 2523 355 2596 si
367 2521 419 2586 vel
430 2521 576 2585 maxime
588 2532 757 2606 arrogatas
768 2519 907 2610 accipiat
920 2532 1075 2610 quartam
1087 2521 1233 2586 omnium

203 2545 380 2679 lionotum.
398 2613 448 2675 lta
463 2611 587 2700 optime
600 2631 672 2676 rem
685 2611 837 2702 exposuit
851 2611 995 2680 Vinnius
1006 2611 1042 2676 iu
1055 2617 1232 2677 comment.

187 2704 358 2802 xadluat.
377 2702 411 2766 h.
429 2711 455 2766 t.
566 2737 567 2740 κ
603 2721 605 2726 ·

564 2831 594 2916 §.
624 2827 879 2898 CLXXXII.

248 2985 324 3052 lani
340 2983 380 3050 de
395 2979 607 3068 arrogationis
620 2974 808 3070 afflatibus?
819 2977 869 3044 De
881 2977 948 3064 ¹istis
959 2977 1071 3064 regula
1083 3003 1093 3042 z
1104 2975 1230 3044 Eodem
1314 2969 1315 3026 l

191 3076 279 3166 jure-
292 3071 450 3161 gaudent
468 3071 642 3158 arrogati,
659 3092 725 3155 quo
741 3067 809 3156 ipsi
826 3067 1015 3148 naturales.
1033 3065 1068 3130 N
1069 3090 1123 3132 ant
1146 3065 1229 3132 redi·
1314 3081 1315 3084 ’

204 3175 330 3252 guntur
350 3163 385 3226 in
398 3161 539 3250 patriam
551 3169 753 3246 potestatem.
766 3156 855 3222 Hinc
871 3163 912 3220 ι’.
926 3157 1103 3222 adsumunt
1114 3173 1230 3220 nomen
1244 3149 1281 3204 (l

138 3261 154 3274 ⁹
180 3249 186 3262 ’
203 3252 417 3339 mugatorio,
431 3250 485 3314 sed
498 3261 608 3313 tamen
622 3244 709 3336 apud
724 3247 891 3314 Romanos
901 3256 932 3310 et
945 3268 1042 3312 suum
1051 3231 1243 3312 retinebant

200 3339 316 3411 leviter
323 3339 497 3407 inflexum.
505 3337 558 3402 Sic
566 3359 644 3412 cum
657 3337 827 3421 Augustus
837 3345 911 3400 ante
919 3319 1128 3428 adoptionem
1136 3353 1228 3432 voca·

202 3445 295 3500 retur
308 3429 485 3506 Octavius,
502 3437 612 3580 postea
623 3423 692 3488 dici
711 3425 811 3512 coepit
826 3424 932 3490 Julius
954 3425 1061 3492 Caesar
1076 3423 1225 3492 octava·

201 3545 274 3597 pus.
288 3517 341 3584 Sic
357 3537 488 3604 quoque
529 3559 538 3577 .
558 3509 713 3580 AEmilius
726 3526 798 3601 post
812 3513 1022 3602 adoptionem
1039 3537 1057 3578 a
1080 3510 1223 3600 Scipione

7 3637 25 3684 ξι
121 3615 172 3640 “”““’
200 3607 322 3680 factam
337 3603 443 3670 dictus
459 3603 495 3670 P·
514 3601 682 3670 Cornelius
702 3601 812 3694 Scipio
831 3603 1042 3670 AEmilianus.
1060 3611 1105 3668 2⁰.
1120 3603 1221 3665 Ano-
1314 3645 1315 3668 t

120 3768 123 3774 ,
199 3715 293 3790 gatus
309 3722 328 3762 a
341 3691 443 3760 nobili
454 3691 550 3758 liebat
560 3691 674 3758 nobilis
686 3715 696 3769 3
709 3714 728 3760 a
742 3689 887 3782 plebeio,
899 3685 1042 3780 plebeius
1052 3718 1060 3752 ε
1071 3687 1221 3778 quodho-

7 3787 9 3800 ’
200 3791 252 3856 die
266 3795 381 3862 cessat,
398 3782 473 3879 quia
490 3782 640 3848 nobilitas
658 3805 726 3856 nou
739 3795 787 3848 est
800 3781 983 3870 inarbitrio
1002 3781 1218 3872 privatorum,

199 3877 253 3948 sed
272 3895 436 3942 asumma
457 3883 612 3960 potestate
630 3872 667 3938 in
681 3873 857 3961 praemium
879 3872 1006 3938 virtutis
1025 3865 1216 3938 conceditur·

130 4013 161 4032 -ῃ
200 3967 265 4036 Sed
281 3967 327 4035 5⁰·
348 3963 381 4030 id
400 3958 564 4050 singulare
585 3973 618 4032 et
636 3963 739 4054 probe
754 3961 1013 4047 observandum,
1033 3959 1216 4050 quodar'ro·

7 3815 14 3892 i
