2710 4504
204 242 248 329 es
444 264 445 268 ‘
548 258 895 330 rnouuruu.

138 443 140 449 ,
204 375 256 462 gie
271 368 475 438 consulturos
495 371 675 436 rationibus
693 365 775 454 suis,
791 375 909 438 sicum
928 371 1187 462 praelectionibus
1206 371 1241 438 in

204 462 378 528 domestice
394 460 584 549 repetitione
595 462 769 548 junxerint
778 463 896 549 primo
908 462 1147 551 Antiquitntee
1162 485 1239 526 nos·

206 565 280 618 tras
292 551 474 618 Romanae
484 569 494 632 ,'
510 550 627 638 quibus
640 573 677 616 eu
686 599 695 632 ,
711 575 784 638 quse
798 571 841 616 ex
860 563 945 617 stetu
963 551 1149 641 reipublicae
1165 551 1243 616 Ro-

204 663 314 707 monae
338 639 420 704 scitu
445 641 619 705 necessarie
642 652 735 719 sunt,
763 641 901 706 breviter
922 641 1180 730 explicavimus,
1203 661 1243 703 sc

204 731 328 797 deinde
344 730 394 794 vel
409 729 446 793 B.
465 729 591 794 Huberi
605 730 839 816 praelectiones
856 731 956 802 bonae,
968 730 1071 818 frugis
1090 729 1242 819 plenissi-

182 819 185 829 '
203 842 292 900 mas,
311 819 362 886 vel
381 816 524 884 Arnoldi
542 819 659 886 Vinnii
673 831 852 886 comment.
868 819 1015 910 plurium
1029 819 1118 885 enim
1129 813 1241 884 'libro-

175 939 178 952 ·
205 931 284 976 rum
299 907 437 972 lectione
450 909 581 994 ingenia
595 909 744 973 tironum
758 908 853 974 obrui
868 910 1003 974 nollem.
1021 905 1083 974 His
1096 909 1244 999 praemis·

205 1001 246 1066 sis
266 997 309 1064 ad
327 997 545 1063 Prooemium
564 996 806 1086 progredimur.
829 999 917 1084 Quia
936 999 1025 1064 enim
1045 999 1246 1087 interprete·
1348 1039 1349 1048 κ

204 1089 330 1158 tionem
354 1086 619 1175 promittentibus
641 1087 872 1154 inconveniens
894 1110 1020 1177 semper
1046 1089 1155 1154 visum
1178 1098 1245 1168 est',

207 1177 330 1244 omissis
343 1176 442 1240 initiis
456 1187 553 1264 etque
568 1177 692 1260 origiue
708 1199 777 1241 non
790 1178 926 1266 repetitu
935 1227 944 1260 ,
960 1189 1057 1265 atque
1075 1179 1191 1258 illotis,
1208 1187 1248 1240 nt

204 1263 250 1333 ita
272 1267 403 1346 dicem,
421 1265 571 1330 manibus
595 1265 743 1352 protinus
769 1267 942 1332 materiam
965 1267 1049 1332 inter
1074 1267 1247 1332 retationis

204 1367 363 1435 tractare,
378 1355 399 1418 l.
419 1354 503 1444 '’ff·
519 1354 560 1419 de
577 1353 721 1444 Origine
735 1355 855 1434 Juris,
870 1356 1036 1445 praemisso
1050 1291 1116 1422 iio'c
1130 1379 1246 1446 prooe-

204 1447 292 1525 mio,
307 1445 461 1533 exemplo
476 1445 666 1524 iustiniani,
679 1447 805 1531 egimus
819 1446 858 1528 de
876 1444 1025 1534 Corpore
1038 1444 1245 1512 Iuris-Jus-

206 1535 380 1612 iininneo,
401 1534 611 1621 exposuimus
630 1556 760 1620 quoque

255 1632 299 1690 1⁰.
315 1623 466 1702 caussas,
479 1645 539 1686 cur
550 1623 634 1687 illud
645 1623 861 1712 compilatum
875 1622 933 1704 sit,
949 1624 980 1710 §.
993 1623 1029 1704 1,
1044 1623 1090 1690 II.

255 1721 300 1778 2⁰.
316 1711 516 1794 Auctorem,
529 1712 621 1792 cuius
634 1713 777 1801 auspicio
792 1712 986 1793 collectum,
999 1713 1030 1798 ἕ.
1043 1712 1095 1776 ΙΙΙ
1110 1763 1119 1793 ,
1132 1713 1200 1779 IV.
1238 1739 1243 1746 ’

227 1797 231 1806 ’
255 1803 300 1870 5⁰.
315 1801 427 1868 Purtes
444 1803 511 1889 ejus
526 1803 577 1867 vel
594 1801 711 1882 libros,
728 1823 771 1866 ex
789 1801 908 1891 quibus
923 1801 1005 1867 illud
1020 1801 1152 1894 Corpus
1168 1821 1248 1868 con·-

207 1890 326 1958 ssatum
337 1902 403 1972 est,
416 1892 445 1976 §
461 1891 631 1960 V·XIV.

253 1983 300 2047 4⁰.
310 1981 553 2046 Auctoritatem
565 1991 638 2046 tum
650 1979 855 2069 singulorum
864 1981 1044 2061 librorum,
1059 1990 1134 2046 tum
1148 1981 1247 2046 totius

209 2071 334 2160 operis,
346 2071 377 2156 §
390 2069 619 2136 XV-XVII.

256 2223 348 2279 Obrui
372 2220 516 2299 nollem]
539 2219 594 2278 Hic
616 2218 705 2280 valde
730 2221 844 2280 obtinet
873 2224 987 2280 Senecae
1008 2219 1156 2284 axioma:
1178 2225 1248 2282 Non
1270 2201 1273 2222 ι

211 2309 321 2374 multa,
338 2304 393 2360 sed
404 2306 534 2362 multum.
662 2317 669 2328 ·
848 2359 850 2364 ,
1046 2329 1049 2338 ·

688 2436 719 2521 ς.
736 2435 764 2500 1.
838 2491 840 2498 ,

255 2591 470 2670 Caussarum,
493 2611 567 2676 quse
583 2588 887 2692 edvcompiiendum
906 2589 969 2654 hoc
986 2611 1072 2678 opus
1089 2591 1248 2658 Justinie·

208 2700 292 2750 num
313 2681 533 2768 impulerunt,
560 2679 642 2744 duae·
659 2678 863 2766 potissimum
883 2681 1025 2767 proditae'
1037 2693 1133 2746 sunt:
1146 2683 1247 2748 Jnris

209 2771 368 2840 Romani
385 2769 555 2834 immensa
575 2768 677 2832 moles
686 2818 698 2847 ,
721 2767 760 2833 de
776 2765 943 2856 qua,§.'1‚
961 2779 993 2833 et
1012 2769 1134 2856 infelix
1158 2773 1247 2836 olio·

198 2865 314 2939 Μῖνι,
339 2857 493 2946 quiante
518 2858 740 2924 Justiniu'num
762 2857 852 2924 hunc
882 2857 1027 2922 laborem
1055 2870 1247 2941 tentarunt,

116 3016 119 3025 s
212 2961 356 3016 conotus
367 2974 378 3026 ς
390 2947 430 3014 de
445 2970 512 3036 quo
525 2949 556 3033 ὃ.
572 2947 618 3013 ΙΙ.
635 2949 686 3012 De
699 2957 838 3034 utraque
853 2947 978 3012 ratione
993 2945 1170 3014 dicendum
1184 2953 1248 3013 erit

210 3039 323 3130 paullo
335 3037 527 3102 accuratius.
545 3037 646 3101 Moles
662 3035 750 3101 iuris
766 3036 911 3112 Romani
927 3036 1039 3124 paullo
1053 3039 1130 3114 erite
1144 3037 1248 3102 iusti·
1348 3053 1349 3062 ¹

210 3128 351 3194 niernum
363 3137 431 3190 tam
448 3127 607 3193 immensu
618 3123 698 3208 fuit,
711 3136 844 3214 utpene
857 3147 955 3191 nemo
973 3126 1136 3212 ingenuus
1150 3127 1248 3191 vellet

208 3217 316 3282 studio
330 3214 526 3280 tamdiffuso
540 3225 639 3301 atque
649 3213 779 3280 infinito
791 3237 925 3304 operam
938 3215 1027 3280 dore.
1043 3216 1113 3300 Qui
1127 3216 1200 3281 Juri
1213 3237 1246 3280 se
1348 3251 1349 3276 i

211 3313 459 3388 consecrarant,
478 3305 558 3368 scire
579 3303 738 3370 debebant
759 3304 1009 3370 Constitutiones
1034 3303 1247 3394 principum,

206 3402 288 3485 'quse
309 3395 346 3459 in
364 3405 428 3458 tres
448 3392 575 3458 coliatae
595 3393 721 3472 codices
740 3394 969 3459 vetustissimos
990 3393 1025 3458 in
1047 3392 1249 3460 immensum
1348 3395 1349 3414 ³

211 3494 394 3562 'numerum
410 3493 640 3548 excreverant‘
651 3482 797 3564 Deinde,
821 3505 895 3570 quse
913 3483 1009 3558 hodie
1023 3505 1092 3550 non
1108 3481 1151 3548 ita
1173 3505 1248 3547 ma·

213 3595 281 3664 gno
303 3573 544 3638 Pandeotarum
561 3571 895 3656 libro'continentur,
918 3593 956 3638 ea
975 3585 1051 3638 ante
1073 3569 1250 3638 iustiniani
1348 3583 1349 3586 ’

214 3676 365 3765 tempore
384 3682 444 3766 per
458 3662 524 3744 duo
539 3660 642 3764 millia
661 3659 823 3726 librorum
840 3673 934 3766 erant
951 3663 1093 3816 dispersa
1102 3708 1111 3741 ,
1131 3659 1251 3754 quibus
1348 3667 1349 3674 ’

213 3751 359 3843 legendis
383 3772 442 3824 vix
466 3751 642 3816 hommum
665 3761 741 3816 oetas
760 3747 964 3830 sufficiebat,
1020 3760 1110 3813 onst.
1140 3749 1248 3813 Tunt.
1348 3803 1349 3810 ,

73 3837 82 3859 .
187 3828 250 3950 ις,
265 3844 305 3929 J,
320 3837 566 3933 &confirmat
584 3839 726 3932 Digni·
736 3834 850 3910 Jacob'.
864 3836 1089 3943 Gottr‘o'tredus
1103 3840 1141 3905 in
1156 3839 1190 3904 P
1190 3843 1249 3902 ‘⁰⁴
