2710 4504
277 383 342 454 am
555 387 1026 467 rnana1,rrn1v.

527 516 530 524 ’
723 551 864 638 §.xc.

321 709 397 776 dam
410 710 555 799 sequitur
568 711 670 778 altera
692 733 767 800 pars
788 709 896 792 tituli,
917 711 1054 800 quinam
1070 709 1134 774 sint
1146 707 1295 798 ingenuit

274 793 332 864 ubi
350 800 458 890 primo
480 798 709 890 praemittimus
731 800 863 866 axioma
881 805 941 866 ‘vet
961 803 1111 886 regulum
1136 803 1292 866 universa-

275 889 343 954 lem
352 939 361 970 ,
378 913 421 955 ex
437 913 502 978 qua
516 889 657 976 judicari
670 890 769 978 possit
784 891 989 976 ingenuitas,
1003 892 1034 976 §-
1050 912 1106 978 9⁰·
1122 891 1242 954 Deinde
1255 911 1291 954 ex

273 978 338 1045 hac
352 981 464 1066 regula
482 980 585 1044 varias
595 979 780 1045 derivamus
794 981 1030 1060 conclusiones,
1045 984 1077 1066 5.
1093 1004 1154 1067 91,
1170 1000 1220 1067 92.
1234 979 1293 1044 Re·

275 1070 353 1156 gula
372 1072 425 1134 vei
450 1068 581 1134 axioma
606 1071 652 1132 ita
674 1069 822 1134 sehabet
845 1096 854 1132 a
877 1069 1059 1158 Ingenuus
1085 1081 1136 1133 eat
1158 1080 1254 1133 matus
1273 1092 1293 1132 a

275 1169 387 1224 matre
396 1207 407 1239 ,
422 1158 574 1246 qureret
590 1165 741 1245 tempore
757 1163 985 1246 conceptionis
996 1159 1077 1246 ,vel
1088 1160 1229 1246 partus,
1249 1157 1295 1221 vel

275 1249 479 1314 intermedio
507 1249 625 1312 saltim
645 1271 711 1334 par
741 1260 953 1312 momentum
978 1249 1089 1313 libera
1104 1244 1192 1336 fuit.
1216 1246 1293 1330 Quia

259 1337 364 1400 ‘enim
380 1337 523 1403 conditio
542 1337 725 1408 miserrima
739 1349 812 1406 etat
826 1337 968 1417 servilis,
986 1339 1066 1402 hinc
1087 1359 1214 1424 semper
1228 1337 1294 1420 jura

273 1426 378 1512 magis
391 1425 502 1492 farem
520 1425 661 1492 libertati
676 1447 778 1512 quam
795 1428 960 1505 servituti3
974 1438 1006 1491 et
1017 1427 1097 1492 hinc
1109 1475 1120 1506 ,
1133 1429 1159 1489 si
1173 1426 1223 1490 vei
1237 1446 1294 1488 uuo

273 1515 443 1581 momento
460 1539 479 1581 a
495 1527 642 1604 tempore
657 1515 877 1606 conceptionis
891 1517 932 1580 ad
951 1521 1082 1604 tempus
1099 1515 1177 1579 editi
1196 1514 1295 1602 partus

273 1603 374 1670 libera
390 1605 494 1670 fuerat
505 1618 627 1690 mater,
639 1604 798 1672 infantem
812 1627 881 1670 non
893 1627 1041 1687 servum,
1055 1606 1113 1672 sed
1125 1605 1294 1693 ingenuum

274 1715 339 1760 csse
355 1694 556 1782 judicabant.
1007 1708 1012 1720 '
1063 1712 1067 1718 ·
1182 1699 1186 1709 “

703 1839 894 1942 §.xant

268 2007 271 2014 ’
317 2005 337 2071 J
339 2028 395 2071 am
409 2003 589 2070 videbimus
598 2004 821 2070 conclusiones
830 2003 909 2070 'iude
922 1999 1070 2070 fluentes.
1082 2005 1138 2070 Ex
1151 2004 1215 2070 hoc
1228 2022 1297 2088 ergo

272 2091 438 2162 axiomata
452 2095 598 2182 sequitur
613 2121 622 2157 a
644 2103 690 2157 1⁰.
706 2107 744 2158 ut
758 2095 918 2180 ingenuus
936 2093 996 2172 sit,
1011 2095 1071 2182 qui
1093 2105 1193 2160 uatus
1206 2105 1249 2159 est
1261 2113 1298 2156 ex

267 2183 460 2276 parentibus
470 2183 647 2263 libertinis,
663 2182 738 2270 quia
750 2201 938 2270 numquam
947 2179 1010 2249 fuit
1023 2183 1057 2248 in
1071 2185 1237 2250 servitute.
1252 2182 1296 2244 Sic

273 2297 302 2337 e.
318 2295 352 2360 g.
368 2273 526 2338 Horatius
537 2321 548 2352 ,
567 2284 680 2362 poeta,
695 2272 736 2337 de
748 2297 782 2338 se
795 2272 866 2362 ipso
878 2271 1009 2352 scribit,
1028 2293 1061 2338 se
1072 2296 1140 2340 csse
1155 2271 1298 2340 libertino

267 2361 365 2450 'patre
380 2375 518 2442 natum,
535 2375 567 2426 et
584 2373 697 2425 tamen
710 2362 773 2426 fuit
787 2361 971 2448 ‘ingenuum
1014 2361 1067 2426 uia
1085 2385 1158 2428 non
1173 2364 1240 2453 ipse
1252 2360 1299 2424 sed

269 2463 421 2542 parentes
438 2451 506 2552 ejus
517 2451 729 2515 serviverant:
752 2459 802 2516 α’.
819 2452 867 2516 Ut
887 2471 955 2515 non
973 2378 1097 2526 dificiat
1111 2449 1299 2540 ingenuitati

272 2539 494 2605 manumissio.
519 2539 609 2605 Hinc
630 2540 656 2604 si
681 2541 752 2626 quis
770 2539 852 2604 liber
874 2541 997 2621 homo,
1020 2541 1142 2628 injuste
1161 2544 1300 2607 detrusus

270 2631 307 2692 in
325 2629 532 2708 servitutem,
555 2641 664 2731 postea
685 2630 869 2696 libertatem
886 2643 1130 2720 recuperasset,
1149 2655 1218 2696 non
1238 2641 1300 2694 erat

270 2717 460 2798 libertinus,
477 2719 531 2783 sed
553 2739 736 2804 ingenuus,
756 2720 835 2808 quia
849 2719 885 2786 iu
903 2720 1056 2784 servitute
1077 2721 1217 2808 quidem
1236 2718 1301 2782 fue·

176 2848 182 2870 .
269 2821 343 2889 rat,
358 2809 496 2872 sednon
508 2829 631 2872 servus.
647 2805 694 2872 3⁰.
710 2805 759 2874 Ut
775 2821 809 2874 et
822 2807 914 2871 liberi
924 2829 952 2870 a
970 2821 1061 2896 patre
1080 2808 1262 2874 venundati
1273 2817 1300 2872 et

270 2898 403 2963 obaerati
428 2908 500 2986 post
525 2896 812 2964 manumissionem
835 2897 971 2985 ingenui
993 2910 1109 2964 essent.
1134 2899 1301 2966 Debitores

270 2989 383 3067 enim,
402 2988 460 3072 qui
479 3009 546 3050 non
563 2998 659 3052 erant
672 2987 844 3063 solvendo,
859 2981 1071 3054 creditoribus
1091 2987 1160 3054 suis
1177 2984 1301 3054 addice-

271 3074 409 3155 bantur,
425 3088 463 3139 ut
481 3075 518 3140 iis
531 3075 699 3141 servirent.
715 3075 778 3140 Sed
793 3076 869 3164 quia
889 3071 997 3143 tamen
1014 3098 1083 3140 non
1096 3091 1195 3144 erant
1206 3075 1302 3154 servi,

269 3167 324 3229 sed
344 3157 459 3252 operas
480 3176 610 3238 tantum
631 3163 853 3254 prmstabpnt,
879 3164 1166 3252 quemadmodum·
1190 3165 1303 3232 famuli

270 3255 373 3318 nostri
388 3253 597 3332 mercenarii,
616 3254 693 3318 hitsc
707 3253 813 3342 adepti
831 3250 1013 3320 libertatem
1031 3277 1103 3320 non
1120 3253 1249 3324 fiebant
1267 3255 1305 3322 li·

271 3341 391 3408 bertini
411 3343 466 3406 sed
486 3341 632 3428 ingenui.
655 3345 701 3407 4⁰.
725 3343 772 3410 Ut
795 3356 888 3407 natus
906 3366 950 3408 ex
970 3343 1070 3408 libera
1093 3358 1126 3410 et
1148 3370 1245 3411 servo
1267 3346 1303 3410 sit

263 3429 442 3516 ingenuus.
461 3430 548 3516 Quia
567 3431 656 3494 enim
673 3429 759 3494 inter
776 3431 916 3498 liberum
935 3445 968 3497 et
987 3456 1121 3506 servum
1143 3459 1219 3504 non
1239 3446 1305 3502 erat

259 3520 394 3608 justum
415 3517 686 3600 matrimonium,
710 3519 789 3586 hinc
812 3535 923 3610 partus
944 3523 1035 3610 sequi
1056 3523 1202 3590 debebat
1225 3549 1303 3591 ven-

271 3620 379 3688 trem,
394 3609 442 3670 uti
452 3609 523 3695 jam
542 3609 687 3673 diximus
704 3633 803 3700 supra
818 3611 860 3676 od
874 3613 906 3698 ς.
925 3611 980 3677 81.
997 3613 1050 3676 5⁰.
1071 3611 1121 3680 Ut
1140 3614 1304 3702 ingenuus
1328 3611 1329 3694 Ῑ

272 3720 402 3785 quoque
415 3695 460 3760 sit
468 3699 597 3784 spurius
611 3720 653 3762 ex
670 3697 811 3786 ingenua
831 3695 935 3766 matre
950 3714 1064 3783 uatus,
1076 3705 1235 3788 quamvis
1247 3697 1304 3792 pa'-
1328 3707 1329 3772 i

271 3799 322 3850 ter
335 3787 476 3850 incertus
489 3787 547 3865 sit,
562 3787 604 3849 ob
615 3790 764 3853 eamdem
781 3790 963 3876 rationem,
982 3791 1058 3876 quia
1072 3803 1171 3857 extra
1190 3793 1304 3858 matri·
1328 3795 1329 3842 ἶ

272 3875 423 3942 monium
433 3889 548 3964 partus
560 3888 706 3942 ventrem
718 3879 872 3965 sequitur.
