2644 4504
178 315 1029 428 ronananrv.eranqunsanoum.
1064 347 1128 437 559

108 455 285 542 quatitur,
301 459 344 518 1⁰.
359 451 438 539 quid
453 461 487 516 et
502 449 684 539 quotuplex
694 452 751 532 sit,
764 453 795 536 ς.
809 453 975 536 sss-5383
988 467 1035 521 2⁰.
1051 469 1133 545 quot

113 543 217 610 modis
232 542 443 628 adquiratur,
458 542 489 626 §.
505 539 592 634 559,
612 539 653 603 ad
666 539 722 605 lin.
737 541 789 607 tit.

156 633 185 698 Ι.
203 631 299 715 Quid
311 633 356 696 sit
368 629 581 707 dominium,
595 650 663 692 non
673 627 810 694 difficilis
823 641 869 698 est
879 633 1023 720 quaestio.
1037 634 1132 702 Dici·

112 743 188 787 mus
201 720 282 785 illud
292 743 355 788 esse
353 721 420 807 jus
436 722 473 784 in
487 739 534 782 re.
549 717 640 782 Nam
652 719 709 804 qui
722 719 872 784 dominus
882 733 946 804 est,
959 724 989 786 ei
1003 747 1052 789 res
1062 725 1134 814 ipsa

112 811 157 876 ita
180 809 328 876 devincta
352 820 415 888 est,
435 818 472 872 ut
489 829 562 872 eam
581 806 746 873 vindicare
769 810 900 896 possita
925 815 1134 900 quocumque

138 920 309 978 suessona,
325 898 390 964 sire
411 897 472 988 ipsi
490 918 568 960 curn
583 896 648 960 boo
668 897 835 983 negotium
849 898 965 980 fuerit,
987 902 1052 966 sive
1067 925 1136 968 non

112 923 229 1067 heris,
241 989 271 1074 ς.
289 989 365 1052 552.
379 986 543 1065 Dicimus,
546 987 612 1070 jus
629 991 667 1048 in
680 1010 715 1049 re
723 989 903 1074 corporali
916 989 1136 1078 Incorporalia

113 1077 247 1144 enimin
259 1077 349 1141 bonis
360 1075 493 1162 quidem
505 1086 594 1154 sunt,
610 1087 798 1140 nouantem
810 1075 843 1138 in
853 1076 1014 1156 dominio,
1030 1080 1052 1143 l.
1064 1077 1136 1166 49,

104 1165 152 1258 ffi
166 1167 207 1231 cle
223 1165 272 1231 V.
287 1167 322 1229 Sa
338 1165 436 1230 Unde
448 1179 499 1244 et,
516 1163 629 1250 sijum
650 1168 893 1252 persequimur,
916 1189 983 1232 non
1001 1169 1035 1234 id
1058 1166 1138 1244 faci-

114 1278 190 1320 mus
197 1255 243 1319 rei
254 1253 487 1331 vindicatione,
498 1275 571 1338 quae
579 1252 621 1315 ad
632 1255 713 1315 solas
724 1274 772 1316 res
787 1275 844 1316 cor
868 1257 970 1320 orales
981 1257 1137 1344 pertinet,

116 1345 142 1410 1.
156 1345 230 1429 ης.
245 1367 275 1422 r,
280 1341 328 1431 ff
342 1343 383 1406 de
395 1343 446 1406 rei
454 1342 546 1406 vind.
561 1341 754 1405 seductione
769 1279 959 1407 coulihsoria
973 1347 1026 1409 vel
1039 1369 1140 1432 nega-

114 1433 210 1498 toria.
227 1432 375 1496 Dicimus
390 1451 502 1519 porro,
526 1454 567 1494 ex
586 1453 652 1516 quo
661 1428 819 1518 facultas
833 1432 873 1496 de
883 1457 925 1496 eu
935 1434 1142 1518 disponendi

114 1545 260 1610 eamque
271 1518 473 1586 vindicandi
485 1517 649 1584 nascitur.
658 1519 827 1583 Nimirum
843 1523 900 1606 qui
914 1522 1065 1587 dominus
1074 1537 1139 1606 est,

114 1610 142 1676 is
156 1611 255 1675 habet
268 1619 311 1675 1⁰.
325 1608 582 1695 dispositionem
599 1607 638 1671 de
649 1606 745 1672 rebus
757 1609 836 1687 suis,
852 1621 883 1674 et
897 1610 1029 1696 quidem
1042 1611 1085 1700 (a)
1103 1626 1140 1678 ut

113 1700 215 1789 possit
228 1719 264 1766 re
276 1721 354 1764 oum
372 1697 557 1762 exclusione
570 1696 710 1760 aliorum
726 1697 788 1775 uti,
804 1697 845 1783 (s)
862 1719 934 1763 eam
949 1700 1033 1764 inter
1048 1701 1141 1766 vivos

1 1829 2 1846 ν
114 1801 148 1854 et
160 1787 273 1852 mortis
292 1809 401 1852 caussa
414 1787 553 1850 alienare
564 1793 596 1848 et
611 1786 645 1848 in
660 1785 761 1849 alium
777 1785 949 1867 tranferre,
965 1787 1009 1874 (ν)
1026 1789 1140 1857 eadem

1 1889 2 1894 ’
115 1883 214 1968 plane
232 1877 322 1941 abuti
337 1897 474 1962 eamque
497 1895 696 1938 consumere.
719 1875 826 1938 Habet
849 1876 945 1939 etiam
966 1876 1117 1942 dominns
1128 1929 1140 1962 ,

1 1957 2 2006 1
115 1982 163 2032 ⁴2⁹.
181 1967 382 2031 vindicandi
395 1964 592 2028 tenultatem.
614 1961 680 2049 Qui
696 1963 784 2027 enim
799 1963 950 2029 dominus
963 1977 1009 2029 est
1018 1968 1116 2032 semel
1129 2019 1139 2050 ,

114 2056 145 2121 is
164 2055 235 2120 talis
254 2066 301 2121 est
316 2077 462 2142 semper,
480 2054 624 2139 adeoque
639 2073 710 2116 rem
727 2051 874 2118 ¹vindicat
891 2075 910 2118 a
933 2077 1141 2142 quocumque
1243 2077 1245 2082 ’

113 2165 302 2235 possessore.
318 2143 478 2231 Exemplo
491 2163 554 2206 esse
568 2153 699 2228 possunt
712 2141 796 2208 servi
809 2141 1048 2208 Romanorum.
1062 2145 1142 2228 His,

113 2233 196 2322 quia
206 2235 242 2298 in
256 2233 401 2301 dominio
413 2241 506 2297 erant
516 2281 527 2313 ,
548 2231 596 2294 uti
615 2242 766 2319 poterant
784 2229 910 2296 domiui
934 2255 994 2321 pro
1012 2235 1140 2318 lubitu,
1168 2309 1170 2313 ,

114 2335 270 2426 poterant
283 2321 411 2386 eosdem
436 2321 504 2384 aliis
517 2321 655 2399 donare,
675 2319 828 2401 vendere,
840 2322 968 2406 legare,
990 2335 1143 2412 poterant

114 2415 157 2479 tis
180 2413 287 2491 abuti,
308 2410 466 2496 siquidem
480 2420 512 2473 et
526 2410 578 2494 jus
592 2409 667 2474 vitae
689 2420 720 2472 et
739 2411 825 2474 necis
838 2410 874 2474 in
887 2434 939 2476 eos
955 2411 1142 2498 habebant,

115 2501 277 2586 denique,
293 2502 318 2564 si
331 2521 441 2564 servus
451 2496 596 2584 fugisset,
609 2498 659 2563 vel
672 2495 760 2566 furto
773 2513 939 2588 surreptus
958 2513 1050 2583 esset,
1063 2526 1142 2570 enm

114 2591 316 2678 ubicumque
327 2588 563 2676 deprehensum
575 2587 610 2651 in
627 2587 815 2654 servitutem
829 2589 1048 2654 retrahebant.
1061 2593 1141 2658 Haec

115 2692 196 2745 sunt
205 2701 283 2744 vera
294 2677 405 2744 effecta
419 2676 565 2742 dominii.
576 2677 638 2740 sed
650 2676 779 2741 additur
791 2689 900 2742 tamen
909 2679 942 2744 in
955 2679 1143 2746 definitione

117 2781 229 2835 nostra
243 2767 412 2846 limitatio,
429 2766 499 2831 nisi
512 2765 562 2829 Iex
579 2765 631 2830 vel
641 2769 816 2830 conventio
834 2768 888 2830 vel
902 2769 1072 2832 testatoris
1084 2793 1142 2834 vo-

117 2857 237 2923 luntas
257 2857 373 2924 obstet.
391 2855 451 2921 His
464 2855 552 2920 enim
566 2851 657 2920 facile
675 2852 745 2917 fieri
759 2866 879 2944 potest,
900 2867 938 2920 ut
958 2855 1143 2926 dominium

78 3008 80 3014 .
115 2946 334 3032 restringatur
348 2946 421 3034 lege
431 2963 447 3020 *3
465 2968 493 3008 e.
514 2967 551 3032 g.
571 2965 609 3008 ea
625 2943 795 3031 prohibet,
818 2966 939 3008 nosses
954 2944 1142 3030 vindicare,

117 3057 197 3124 quae
217 3046 382 3122 usucaptis
401 3043 477 3096 sunt
489 3059 498 3096 :
512 3038 752 3110 conventione,
769 3053 848 3094 nam
870 3035 905 3096 ea
927 3033 1144 3120 prohibentur

116 3123 254 3206 vasalli,
277 3145 343 3210 quo
369 3121 476 3202 minus
494 3119 629 3186 feudum
651 3119 833 3186 inconsulto
855 3121 989 3185 domino
1003 3122 1144 3192 alienare

121 3213 247 3304 possint
255 3263 265 3294 ,
285 3233 362 3276 oum
375 3223 486 3276 tamen
500 3210 560 3298 ipsi
571 3233 698 3299 quoque
713 3210 896 3275 dominium
910 3209 1051 3276 habeant
1066 3217 1074 3276 ἑ
1091 3215 1146 3280 nl-

1 3357 4 3361 Δ
118 3303 211 3370 timu
228 3301 398 3368 testatoris
412 3301 586 3366 voluntate
598 3299 790 3390 prohibetur
809 3299 959 3364 alienatio
977 3299 1145 3370 fideicom-

2 3441 7 3456 ν
118 3391 229 3471 missi,
241 3411 318 3454 cum
333 3401 442 3455 tamen
455 3399 487 3454 et
501 3388 568 3476 ejus
578 3390 728 3454 domiuus
740 3390 780 3454 sit
791 3388 987 3454 fiduciarius.

168 3479 214 3544 Il.
239 3481 407 3544 Hactenus
427 3477 570 3552 definitio
592 3479 739 3544 dominii.
763 3477 953 3566 Sequuntur
976 3479 1146 3548 divisiones

117 3569 233 3636 variae.
251 3567 336 3632 Nam
355 3569 539 3634 dominium
550 3580 619 3632 erat
634 3577 676 3632 1⁰.
690 3569 741 3640 rel
757 3567 990 3651 Quiritarinm
998 3620 1011 3650 ,
1034 3571 1149 3638 Theo·
1207 3604 1222 3634 ν

118 3659 215 3752 p'hilo
226 3655 341 3738 ἔννομον,
356 3657 538 3744 legitimum
549 3659 618 3723 :vel
633 3657 876 3737 Bonitarium,
889 3659 1075 3748 'Pheophilo
1089 3676 1149 3742 qv·-
1184 3735 1187 3740 ,
1277 3677 1279 3680 ·

119 3777 211 3826 σιω,
234 3748 393 3832 naturale.
411 3747 497 3816 Vide
520 3747 670 3836 Theoph.
689 3749 722 3832 ἕ.
747 3747 809 3812 ult.
834 3748 951 3813 Instit.
972 3749 1014 3813 de
1034 3747 1145 3814 libert.

119 3836 212 3902 Illud
225 3848 295 3901 erat
304 3837 428 3903 civium
440 3837 689 3918 Romanorum,
705 3834 850 3923 adeoque
863 3835 1051 3925 peregrinus
1066 3837 1153 3903 nihil·

113 3924 244 3992 nabere
253 3937 383 4016 poterat
395 3925 433 4002 ia
445 3909 591 3994 dominio
603 3927 784 4016 Quiritario
800 3925 884 4024 ahoe
896 3947 1072 4080 coprmune
1083 3941 1153 3995 erat

781 4039 785 4049 ·
981 4033 998 4080 s
