2644 4504
128 301 352 376 uranu.
368 307 649 388 susurro,
666 303 950 394 Qotsxnno.
982 308 1047 399 269

50 413 159 496 locum,
182 418 335 506 quamdiu
359 417 607 484 testamentariae
637 426 669 484 et
698 415 852 502 legitime
878 416 969 484 loeus
990 428 1049 484 est.
1164 426 1172 440 '

50 505 121 590 Ergo
135 506 313 572 subsidiaria
332 519 382 574 est
397 507 468 572 heo
481 504 592 575 tutela.
612 503 704 594 (ΙΙΙ.)
724 505 864 572 Tutoris
884 506 979 571 datio
998 514 1051 572 est

50 603 126 658 astus
138 594 316 684 legitimus.
333 599 384 662 lta
406 597 495 662 enirn
514 616 661 682 expresse
677 605 813 660 vocatur
827 596 862 658 in
879 593 902 659 l.
920 615 989 678 yy,
1000 592 1048 684 ff

49 679 78 742 cle
99 683 138 746 R.
161 686 195 748 J.
217 685 305 774 Quid
325 685 366 750 sit
386 697 477 750 aetus
499 683 683 770 legitimus,
700 683 909 772 exposuimus
933 685 963 770 §.
989 706 1050 770 70,

48 791 144 858 nempe
165 786 253 838 actus
263 825 273 856 ,
295 773 353 861 qui
369 773 568 839 sollemniter
587 781 656 838 erat
679 771 915 860 explioondus,
937 783 971 840 et
988 793 1050 838 nea

47 875 267 944 procuratorem
289 863 503 942 admittebat,
528 883 589 926 neo
613 860 852 942 conditionem,
871 883 932 926 neo
949 861 1048 930 diem.

46 947 111 1012 Haeo
122 963 192 1016 sunt
207 951 261 1017 illa
277 953 463 1031 axiomata,
475 973 517 1016 ex
529 949 646 1039 quibus
660 971 734 1036 quae
748 949 856 1016 fluant
869 950 1052 1016 conclusio·

47 1037 176 1124 nepam
189 1039 380 1108 videbimus.

76 1179 185 1250 Tutela,
203 1199 294 1256 qnam
313 1182 436 1258 proprie
450 1150 720 1236 Romaniltativam
733 1180 941 1256 appellabant,
962 1200 997 1239 ex
1017 1199 1053 1241 eo

46 1261 488 1340 quodimagistratu‘dabatur,
508 1279 588 1319 nunc
609 1283 643 1319 ex
665 1259 772 1318 Codice
790 1264 865 1337 Nep.
888 1261 1052 1322 desertura

46 1341 145 1400 consilio
156 1343 271 1402 tamtus
285 1344 450 1420 composito
464 1353 499 1401 nt
510 1343 596 1402 docet
607 1357 662 1400 art.
676 1340 714 1400 »lo
714 1365 733 1420 7
744 1356 774 1400 et
781 1363 861 1418 seqq.

278 1495 309 1579 ς.
330 1491 504 1559 ooxm
526 1504 558 1560 es
580 1491 789 1560 coxan.

73 1647 214 1716 Primum
227 1652 361 1716 axioma
376 1659 464 1732 erat,
480 1660 573 1716 tutor
585 1649 640 1720 tie
657 1675 699 1716 aa
716 1651 790 1740 lege
803 1672 826 1714 a
840 1651 1052 1740 magistratu

46 1734 137 1803 datur.
151 1739 240 1828 Ergo
254 1751 383 1830 oportet
395 1740 552 1828 quasdam
574 1741 659 1826 leges
672 1741 752 1804 latas
770 1761 835 1806 esse
853 1739 893 1806 de
914 1740 976 1804 hao
995 1751 1052 1804 tua

46 1826 100 1888 tela.
114 1827 233 1910 Earum
251 1842 326 1893 sunt
340 1828 437 1910 duas,
452 1829 597 1908 Atsttia,
613 1839 645 1894 et
658 1828 759 1893 Iulia
773 1839 804 1892 et
822 1829 929 1893 Titia.
947 1828 1050 1894 Prio-

44 1915 79 1978 ris
90 1927 211 1984 etatem
225 1921 272 1982 ita
290 1919 444 1984 eruimus.
465 1918 598 1982 'l'utoris
615 1938 658 1982 ex
675 1917 737 1982 hao
758 1917 827 2002 lege
846 1915 1047 1983 Attiliadati

45 2007 210 2094 exemplum
231 2007 303 2090 jam
324 2029 411 2072 anno
430 2005 474 2072 U.
490 2005 528 2073 C.
546 2007 607 2092 557
624 2054 635 2087 ‚
655 2017 818 2070 memorat
841 2005 912 2075 Tit.
926 2003 1050 2072 Livius

44 2090 59 2152 l
71 2090 255 2174 XXXIX,
268 2117 297 2160 o.
305 2117 340 2180 9.
354 2094 443 2182 Ergo
458 2103 503 2160 est
517 2093 570 2160 lex
585 2106 694 2160 nostra
705 2095 762 2166 illo
773 2115 860 2160 anuo
873 2095 1049 2182 antiquior.

44 2177 101 2244 lam
119 2205 194 2248 cum
216 2183 375 2249 Attilium
392 2183 557 2270 quendam
576 2195 745 2258 auctorem
767 2184 866 2272 hujus
886 2184 964 2270 legis
986 2203 1050 2250 esse

44 2284 167 2356 oporteat
176 2323 184 2353 ,
199 2282 232 2337 et
249 2285 325 2338 ante
343 2273 433 2336 hunc
452 2293 577 2336 annum
592 2273 702 2338 nullus
720 2273 805 2338 inter
819 2272 967 2338 tribunos
978 2273 1051 2361 ple·

43 2354 77 2420 bis
98 2361 232 2426 Attilius
258 2373 430 2440 occurrat,
456 2371 574 2450 proeter
599 2362 640 2426 L.
674 2361 832 2426 Attilium
858 2362 1050 2448 Regulum,

43 2467 111 2512 auno
127 2450 167 2518 U.
182 2451 221 2515 C.
234 2451 299 2517 445
313 2497 324 2532 ‚
336 2451 400 2514 boo
411 2449 580 2514 tribunatu
597 2448 771 2533 functum,
785 2461 864 2516 teste
877 2453 992 2516 eodem
1009 2451 1051 2515 T.

44 2535 125 2604 Livio
139 2539 197 2605 lib.
209 2561 236 2625 9
250 2589 258 2620 ,
273 2563 302 2602 r.
319 2543 366 2604 3⁰
375 2588 386 2619 ,
402 2539 582 2605 verosimile
596 2553 642 2606 est
658 2539 715 2604 illo
729 2561 820 2610 anno*
831 2552 863 2606 et
876 2541 917 2604 ab
931 2563 970 2604 eo
985 2539 1052 2604 At·

43 2623 96 2690 tilio
110 2628 193 2694 hane
211 2631 320 2714 legem
336 2639 487 2714 rogatam
504 2639 536 2694 et
552 2629 818 2718 cognominatam
838 2652 913 2695 esse.
929 2629 1053 2694 Poste-

41 2714 98 2778 rior
109 2717 162 2782 lex
180 2717 245 2782 lata
263 2729 309 2784 est
322 2715 434 2782 multis
451 2715 575 2784 saeculis
585 2729 775 2805 post,anno
788 2717 834 2784 U.
860 2719 897 2782 C.
911 2715 1004 2806 728,
1021 2729 1053 2782 et

41 2819 145 2872 nomen
163 2806 299 2872 habeta
315 2805 403 2872 tutio
420 2805 544 2872 Cessare
564 2807 746 2874 Octaviano
764 2807 987 2894 Augustoset
1003 2807 1050 2871 M.

40 2890 131 2974 Titio,
146 2896 247 2983 hujus
263 2895 342 2961 anni
359 2895 553 2960 oonsulibus.
572 2895 707 2980 Ignorat
729 2895 793 2960 hoe
817 2896 934 2981 vulgus
952 2895 1054 2959 inter.

40 2993 164 3064 pratum.
188 2983 254 3050 Sed
274 2983 368 3050 nobis
386 2983 420 3048 id
442 2981 568 3072 primus
589 2985 711 3049 detexit
735 2983 800 3050 Vir
825 2983 1052 3066 doctissimus,

39 3068 138 3136 Henr.
165 3071 354 3155 Valesius,
377 3095 399 3136 e
415 3069 489 3136 Soc.
513 3069 584 3139 Jes.
611 3073 650 3138 in
676 3071 783 3138 Notis
809 3071 858 3139 od
879 3071 1054 3159 Excetpta

39 3153 265 3239 Peireaeiena,
315 3205 326 3228 .
355 3162 405 3229 δι.
428 3160 581 3234 Ceterum
616 3161 670 3230 bae
700 3163 786 3247 leges
806 3163 851 3226 ita
877 3160 1054 3229 differente

42 3249 75 3309 ¹⁰·
94 3249 187 3316 Prior
203 3251 271 3336 agit
285 3183 327 3314 de
345 3247 505 3314 tutoribus
520 3249 556 3312 in
570 3249 651 3316 urbe
669 3250 777 3316 Roma
796 3249 932 3318 dandis:
950 3263 1055 3340 poste·

39 3333 93 3402 rior
106 3336 319 3404 detutoribos
331 3337 444 3404 dandis
456 3338 493 3404 ln
512 3339 697 3426 provinciis.
720 3352 768 3404 2⁰.
787 3339 881 3407 Prior
897 3341 1056 3428 jubettu-

38 3431 110 3506 tores
127 3428 199 3506 dari
216 3449 234 3492 a
254 3425 445 3516 pratos-ibus
465 3435 497 3498 et
512 3427 636 3514 majore
651 3440 744 3516 parte
761 3427 971 3500 tribunorum
986 3433 1057 3520 ple.

38 3507 96 3578 bis:
113 3518 272 3604 posterior
287 3537 306 3580 a
322 3514 513 3606 presidibus
524 3517 789 3606 provinciarum,
800 3542 859 3606 pr.
874 3519 964 3586 Isset.
979 3523 1012 3586 b.
1028 3533 1054 3586 t.

39 3597 78 3665 5⁰.
93 3605 143 3670 Ex
162 3607 271 3694 priore
287 3604 358 3692 lege
377 3615 501 3684 tutores
520 3618 540 3668 a
557 3617 697 3693 preotore
710 3607 745 3672 in
765 3605 845 3674 urbe
864 3608 932 3674 dati
954 3630 1054 3674 voca·

39 3683 149 3757 bantur
163 3693 316 3760 Attiliani
327 3721 336 3759 a
348 3713 391 3760 ex
400 3694 580 3782 posteriore
593 3695 611 3760 J
614 3695 715 3766 aliani
731 3695 875 3776 Titiam,
891 3709 928 3762 ut
945 3719 988 3762 ex
1001 3722 1059 3762 ru·-

39 3775 117 3845 brica
132 3783 228 3870 hujus
238 3783 331 3855 tituli
341 3781 581 3872 patet..Proeter
596 3783 655 3852 hos
666 3785 982 3872 magistratusuemo
997 3809 1057 3874 po-

39 3875 113 3933 terat
128 3881 249 3940 totores
266 3873 344 3942 dare
365 3892 469 3959 usque
491 3869 539 3938 ad·
552 3883 702 3963 tempora
727 3873 889 3968 Augusti,
912 3875 967 3941 aed
988 3877 1055 3963 ejus
