<?xml version="1.0" encoding="UTF-8"?>
<!DOCTYPE html PUBLIC "-//W3C//DTD XHTML 1.0 Transitional//EN"
    "http://www.w3.org/TR/xhtml1/DTD/xhtml1-transitional.dtd">
<html xmlns="http://www.w3.org/1999/xhtml" xml:lang="en" lang="en">
 <head>
  <title>
</title>
<meta http-equiv="Content-Type" content="text/html;charset=utf-8" />
  <meta name='ocr-system' content='tesseract 3.04.00' />
  <meta name='ocr-capabilities' content='ocr_page ocr_carea ocr_par ocr_line ocrx_word'/>
</head>
<body>
  <div class='ocr_page' id='page_1' title='image "./recitationesine00heingoog_0071.png"; bbox 0 0 2710 4504; ppageno 0'>
   <div class='ocr_carea' id='block_1_1' title="bbox 253 335 1096 430">
    <p class='ocr_par' dir='ltr' id='par_1_1' title="bbox 253 335 1096 430">
     <span class='ocr_line' id='line_1_1' title="bbox 253 335 1096 430; baseline -0.002 -26"><span class='ocrx_word' id='word_1_1' title='bbox 253 358 315 404; x_wconf 74' lang='lat' dir='ltr'>m</span> <span class='ocrx_word' id='word_1_2' title='bbox 533 335 716 430; x_wconf 51' lang='lat' dir='ltr'>‚amsa</span> <span class='ocrx_word' id='word_1_3' title='bbox 740 337 775 416; x_wconf 90' lang='lat'>1,</span> <span class='ocrx_word' id='word_1_4' title='bbox 802 335 909 402; x_wconf 84' lang='lat' dir='ltr'>rrr.</span> <span class='ocrx_word' id='word_1_5' title='bbox 935 336 989 404; x_wconf 91' lang='lat'>11.</span> <span class='ocrx_word' id='word_1_6' title='bbox 1093 347 1096 352; x_wconf 92' lang='lat'><em>·</em></span> 
     </span>
    </p>
   </div>
   <div class='ocr_carea' id='block_1_2' title="bbox 253 444 1292 779">
    <p class='ocr_par' dir='ltr' id='par_1_2' title="bbox 253 444 1292 779">
     <span class='ocr_line' id='line_1_2' title="bbox 253 444 1292 538; baseline 0.002 -27"><span class='ocrx_word' id='word_1_7' title='bbox 253 445 540 514; x_wconf 75' lang='lat' dir='ltr'><strong>bacchanaliorum</strong></span> <span class='ocrx_word' id='word_1_8' title='bbox 565 444 719 522; x_wconf 85' lang='lat' dir='ltr'>factum,</span> <span class='ocrx_word' id='word_1_9' title='bbox 746 447 842 510; x_wconf 88' lang='lat' dir='ltr'>datur</span> <span class='ocrx_word' id='word_1_10' title='bbox 868 446 971 532; x_wconf 85' lang='lat' dir='ltr'>gentis</span> <span class='ocrx_word' id='word_1_11' title='bbox 997 444 1126 538; x_wconf 85' lang='lat' dir='ltr'>emptio</span> <span class='ocrx_word' id='word_1_12' title='bbox 1144 495 1160 528; x_wconf 81' lang='grc'>,,</span> <span class='ocrx_word' id='word_1_13' title='bbox 1180 447 1292 514; x_wconf 83' lang='lat' dir='ltr'>tutoris</span> 
     </span>
     <span class='ocr_line' id='line_1_3' title="bbox 253 535 1291 626; baseline 0.002 -26"><span class='ocrx_word' id='word_1_14' title='bbox 253 537 355 624; x_wconf 90' lang='lat' dir='ltr'>optio.</span> <span class='ocrx_word' id='word_1_15' title='bbox 377 535 506 599; x_wconf 77' lang='lat' dir='ltr'>Odiosa</span> <span class='ocrx_word' id='word_1_16' title='bbox 517 548 618 616; x_wconf 88' lang='lat' dir='ltr'>sunt,</span> <span class='ocrx_word' id='word_1_17' title='bbox 637 535 755 625; x_wconf 84' lang='lat' dir='ltr'>quibus</span> <span class='ocrx_word' id='word_1_18' title='bbox 770 557 866 622; x_wconf 80' lang='lat' dir='ltr'>poena</span> <span class='ocrx_word' id='word_1_19' title='bbox 883 537 1168 616; x_wconf 76' lang='lat' dir='ltr'>extraordinaria,</span> <span class='ocrx_word' id='word_1_20' title='bbox 1188 539 1291 626; x_wconf 86' lang='lat' dir='ltr'>major</span> 
     </span>
     <span class='ocr_line' id='line_1_4' title="bbox 254 622 1291 779; baseline 0.004 -91"><span class='ocrx_word' id='word_1_21' title='bbox 254 647 357 779; x_wconf 55' lang='lat' dir='ltr'>paam</span> <span class='ocrx_word' id='word_1_22' title='bbox 370 625 439 710; x_wconf 86' lang='lat' dir='ltr'>lege</span> <span class='ocrx_word' id='word_1_23' title='bbox 452 622 583 688; x_wconf 84' lang='lat' dir='ltr'>definita</span> <span class='ocrx_word' id='word_1_24' title='bbox 598 633 643 688; x_wconf 82' lang='lat' dir='ltr'>est</span> <span class='ocrx_word' id='word_1_25' title='bbox 654 673 664 704; x_wconf 91' lang='lat'>,</span> <span class='ocrx_word' id='word_1_26' title='bbox 676 624 853 710; x_wconf 83' lang='lat' dir='ltr'>infligitur,</span> <span class='ocrx_word' id='word_1_27' title='bbox 868 647 897 690; x_wconf 86' lang='lat' dir='ltr'>e.</span> <span class='ocrx_word' id='word_1_28' title='bbox 913 645 945 710; x_wconf 85' lang='lat' dir='ltr'>g.</span> <span class='ocrx_word' id='word_1_29' title='bbox 958 625 994 689; x_wconf 90' lang='lat' dir='ltr'>in</span> <span class='ocrx_word' id='word_1_30' title='bbox 1007 626 1031 688; x_wconf 83' lang='lat' dir='ltr'>l.</span> <span class='ocrx_word' id='word_1_31' title='bbox 1049 647 1090 706; x_wconf 83' lang='lat'>2,</span> <span class='ocrx_word' id='word_1_32' title='bbox 1102 623 1177 712; x_wconf 84' lang='lat' dir='ltr'>fin.</span> <span class='ocrx_word' id='word_1_33' title='bbox 1188 625 1291 714; x_wconf 79' lang='lat' dir='ltr'>ffide</span> 
     </span>
    </p>
   </div>
   <div class='ocr_carea' id='block_1_3' title="bbox 185 710 1344 2561">
    <p class='ocr_par' dir='ltr' id='par_1_3' title="bbox 253 710 1291 1248">
     <span class='ocr_line' id='line_1_5' title="bbox 280 710 1290 801; baseline 0.002 -23"><span class='ocrx_word' id='word_1_34' title='bbox 280 715 333 792; x_wconf 82' lang='lat' dir='ltr'>is,</span> <span class='ocrx_word' id='word_1_35' title='bbox 350 716 410 801; x_wconf 83' lang='lat' dir='ltr'>qni</span> <span class='ocrx_word' id='word_1_36' title='bbox 425 713 483 778; x_wconf 84' lang='lat' dir='ltr'>sui</span> <span class='ocrx_word' id='word_1_37' title='bbox 497 713 550 778; x_wconf 77' lang='lat' dir='ltr'>vet</span> <span class='ocrx_word' id='word_1_38' title='bbox 562 713 754 800; x_wconf 78' lang='lat' dir='ltr'>alicnijur.</span> <span class='ocrx_word' id='word_1_39' title='bbox 772 710 917 800; x_wconf 82' lang='lat' dir='ltr'>Quaestio</span> <span class='ocrx_word' id='word_1_40' title='bbox 940 735 1021 800; x_wconf 86' lang='lat' dir='ltr'>ergo</span> <span class='ocrx_word' id='word_1_41' title='bbox 1041 725 1109 779; x_wconf 82' lang='lat' dir='ltr'>est:</span> <span class='ocrx_word' id='word_1_42' title='bbox 1125 715 1183 778; x_wconf 91' lang='lat' dir='ltr'>Au</span> <span class='ocrx_word' id='word_1_43' title='bbox 1208 715 1290 780; x_wconf 88' lang='lat' dir='ltr'>licita</span> 
     </span>
     <span class='ocr_line' id='line_1_6' title="bbox 253 799 1291 892; baseline 0.001 -25"><span class='ocrx_word' id='word_1_44' title='bbox 253 803 317 867; x_wconf 84' lang='lat' dir='ltr'>sint</span> <span class='ocrx_word' id='word_1_45' title='bbox 340 799 507 890; x_wconf 85' lang='lat' dir='ltr'>privilegia</span> <span class='ocrx_word' id='word_1_46' title='bbox 529 802 661 866; x_wconf 78' lang='lat' dir='ltr'>odiosa?</span> <span class='ocrx_word' id='word_1_47' title='bbox 680 801 776 889; x_wconf 82' lang='lat' dir='ltr'>Resp.</span> <span class='ocrx_word' id='word_1_48' title='bbox 803 811 846 866; x_wconf 82' lang='lat'>1⁰.</span> <span class='ocrx_word' id='word_1_49' title='bbox 874 801 992 868; x_wconf 85' lang='lat' dir='ltr'>Libera</span> <span class='ocrx_word' id='word_1_50' title='bbox 1018 804 1188 892; x_wconf 82' lang='lat' dir='ltr'>republica</span> <span class='ocrx_word' id='word_1_51' title='bbox 1213 799 1291 892; x_wconf 81' lang='lat' dir='ltr'>pro-¹</span> 
     </span>
     <span class='ocr_line' id='line_1_7' title="bbox 254 889 1291 980; baseline 0.001 -24"><span class='ocrx_word' id='word_1_52' title='bbox 254 889 358 956; x_wconf 88' lang='lat' dir='ltr'>hibita</span> <span class='ocrx_word' id='word_1_53' title='bbox 372 903 466 956; x_wconf 85' lang='lat' dir='ltr'>erant</span> <span class='ocrx_word' id='word_1_54' title='bbox 479 913 538 980; x_wconf 85' lang='lat' dir='ltr'>par</span> <span class='ocrx_word' id='word_1_55' title='bbox 560 889 633 956; x_wconf 81' lang='grc' dir='ltr'>ΧΠ</span> <span class='ocrx_word' id='word_1_56' title='bbox 656 891 797 970; x_wconf 87' lang='lat' dir='ltr'>tabulas,</span> <span class='ocrx_word' id='word_1_57' title='bbox 817 890 934 978; x_wconf 81' lang='lat' dir='ltr'>quibus</span> <span class='ocrx_word' id='word_1_58' title='bbox 948 905 1086 956; x_wconf 90' lang='lat' dir='ltr'>cantum</span> <span class='ocrx_word' id='word_1_59' title='bbox 1101 919 1110 956; x_wconf 74' lang='lat' dir='ltr'>z</span> <span class='ocrx_word' id='word_1_60' title='bbox 1124 893 1291 980; x_wconf 82' lang='lat' dir='ltr'>privilegia</span> 
     </span>
     <span class='ocr_line' id='line_1_8' title="bbox 254 979 1291 1072; baseline 0.004 -28"><span class='ocrx_word' id='word_1_61' title='bbox 254 1001 297 1044; x_wconf 89' lang='lat' dir='ltr'>ne</span> <span class='ocrx_word' id='word_1_62' title='bbox 314 980 492 1068; x_wconf 79' lang='lat' dir='ltr'>irroganto.</span> <span class='ocrx_word' id='word_1_63' title='bbox 511 995 555 1044; x_wconf 84' lang='lat'>2⁰.</span> <span class='ocrx_word' id='word_1_64' title='bbox 572 981 615 1044; x_wconf 81' lang='lat' dir='ltr'>Iis</span> <span class='ocrx_word' id='word_1_65' title='bbox 628 1000 696 1042; x_wconf 92' lang='lat' dir='ltr'>non</span> <span class='ocrx_word' id='word_1_66' title='bbox 710 1002 782 1044; x_wconf 84' lang='lat' dir='ltr'>usos</span> <span class='ocrx_word' id='word_1_67' title='bbox 796 1001 859 1044; x_wconf 87' lang='lat' dir='ltr'>esse</span> <span class='ocrx_word' id='word_1_68' title='bbox 876 979 935 1044; x_wconf 91' lang='lat' dir='ltr'>nisi</span> <span class='ocrx_word' id='word_1_69' title='bbox 948 981 1099 1046; x_wconf 84' lang='lat' dir='ltr'>tribunos</span> <span class='ocrx_word' id='word_1_70' title='bbox 1112 983 1161 1072; x_wconf 89' lang='lat' dir='ltr'>pl.</span> <span class='ocrx_word' id='word_1_71' title='bbox 1177 981 1291 1048; x_wconf 82' lang='lat' dir='ltr'>turbu·</span> 
     </span>
     <span class='ocr_line' id='line_1_9' title="bbox 253 1058 1289 1158; baseline 0.002 -24"><span class='ocrx_word' id='word_1_72' title='bbox 253 1067 378 1149; x_wconf 88' lang='lat' dir='ltr'>lentos,</span> <span class='ocrx_word' id='word_1_73' title='bbox 399 1069 500 1135; x_wconf 82' lang='lat' dir='ltr'>veluti</span> <span class='ocrx_word' id='word_1_74' title='bbox 517 1068 554 1135; x_wconf 81' lang='grc' dir='ltr'>Ρ.</span> <span class='ocrx_word' id='word_1_75' title='bbox 576 1067 752 1148; x_wconf 87' lang='lat' dir='ltr'>Clodium,</span> <span class='ocrx_word' id='word_1_76' title='bbox 771 1070 827 1155; x_wconf 90' lang='lat' dir='ltr'>qni</span> <span class='ocrx_word' id='word_1_77' title='bbox 838 1058 992 1136; x_wconf 85' lang='lat' dir='ltr'>Ciceroni</span> <span class='ocrx_word' id='word_1_78' title='bbox 1006 1095 1094 1158; x_wconf 87' lang='lat' dir='ltr'>aqna</span> <span class='ocrx_word' id='word_1_79' title='bbox 1115 1083 1147 1135; x_wconf 84' lang='lat' dir='ltr'>et</span> <span class='ocrx_word' id='word_1_80' title='bbox 1158 1069 1226 1158; x_wconf 88' lang='lat' dir='ltr'>igni</span> <span class='ocrx_word' id='word_1_81' title='bbox 1241 1071 1289 1136; x_wconf 92' lang='lat' dir='ltr'>in·</span> 
     </span>
     <span class='ocr_line' id='line_1_10' title="bbox 254 1157 1287 1248; baseline 0.002 -26"><span class='ocrx_word' id='word_1_82' title='bbox 254 1158 414 1224; x_wconf 87' lang='lat' dir='ltr'>terdicens</span> <span class='ocrx_word' id='word_1_83' title='bbox 440 1159 571 1246; x_wconf 82' lang='lat' dir='ltr'>ejusque</span> <span class='ocrx_word' id='word_1_84' title='bbox 601 1157 737 1221; x_wconf 87' lang='lat' dir='ltr'>domum</span> <span class='ocrx_word' id='word_1_85' title='bbox 757 1179 946 1238; x_wconf 73' lang='lat' dir='ltr'>consecrans</span> <span class='ocrx_word' id='word_1_86' title='bbox 971 1161 1187 1248; x_wconf 86' lang='lat' dir='ltr'>privilegium</span> <span class='ocrx_word' id='word_1_87' title='bbox 1207 1159 1287 1225; x_wconf 84' lang='lat' dir='ltr'>irro-</span> 
     </span>
    </p>

    <p class='ocr_par' dir='ltr' id='par_1_4' title="bbox 185 1246 1344 2052">
     <span class='ocr_line' id='line_1_11' title="bbox 185 1246 1289 1338; baseline 0.001 -26"><span class='ocrx_word' id='word_1_88' title='bbox 185 1256 187 1262; x_wconf 87' lang='lat'>&#39;</span> <span class='ocrx_word' id='word_1_89' title='bbox 253 1249 344 1336; x_wconf 77' lang='lat' dir='ltr'>gavit</span> <span class='ocrx_word' id='word_1_90' title='bbox 357 1271 368 1322; x_wconf 74' lang='lat'>3</span> <span class='ocrx_word' id='word_1_91' title='bbox 383 1248 422 1311; x_wconf 90' lang='lat' dir='ltr'>de</span> <span class='ocrx_word' id='word_1_92' title='bbox 440 1270 506 1334; x_wconf 91' lang='lat' dir='ltr'>qno</span> <span class='ocrx_word' id='word_1_93' title='bbox 526 1247 592 1336; x_wconf 91' lang='lat' dir='ltr'>ipse</span> <span class='ocrx_word' id='word_1_94' title='bbox 607 1246 754 1332; x_wconf 85' lang='lat' dir='ltr'>queritur</span> <span class='ocrx_word' id='word_1_95' title='bbox 774 1247 810 1311; x_wconf 88' lang='lat' dir='ltr'>in</span> <span class='ocrx_word' id='word_1_96' title='bbox 829 1259 912 1312; x_wconf 85' lang='lat' dir='ltr'>orat.</span> <span class='ocrx_word' id='word_1_97' title='bbox 932 1271 998 1334; x_wconf 84' lang='lat' dir='ltr'>pro</span> <span class='ocrx_word' id='word_1_98' title='bbox 1013 1250 1139 1329; x_wconf 80' lang='lat' dir='ltr'>domo,</span> <span class='ocrx_word' id='word_1_99' title='bbox 1164 1266 1196 1314; x_wconf 87' lang='lat' dir='ltr'>c&#39;.</span> <span class='ocrx_word' id='word_1_100' title='bbox 1213 1259 1289 1338; x_wconf 53' lang='grc' dir='ltr'>’με</span> 
     </span>
     <span class='ocr_line' id='line_1_12' title="bbox 254 1335 1286 1427; baseline 0.002 -27"><span class='ocrx_word' id='word_1_101' title='bbox 254 1361 323 1425; x_wconf 84' lang='lat' dir='ltr'>aeq.</span> <span class='ocrx_word' id='word_1_102' title='bbox 338 1337 385 1402; x_wconf 77' lang='lat'>5⁰.</span> <span class='ocrx_word' id='word_1_103' title='bbox 399 1338 504 1401; x_wconf 86' lang='lat' dir='ltr'>Bonos</span> <span class='ocrx_word' id='word_1_104' title='bbox 516 1337 676 1426; x_wconf 81' lang='lat' dir='ltr'>principes</span> <span class='ocrx_word' id='word_1_105' title='bbox 686 1335 838 1425; x_wconf 77' lang='lat' dir='ltr'>possphuj</span> <span class='ocrx_word' id='word_1_106' title='bbox 845 1337 970 1401; x_wconf 80' lang='lat' dir='ltr'>asmodi</span> <span class='ocrx_word' id='word_1_107' title='bbox 981 1339 1146 1422; x_wconf 90' lang='lat' dir='ltr'>majorem</span> <span class='ocrx_word' id='word_1_108' title='bbox 1155 1361 1286 1427; x_wconf 85' lang='lat' dir='ltr'>poenam</span> 
     </span>
     <span class='ocr_line' id='line_1_13' title="bbox 253 1423 1286 1516; baseline 0 -24"><span class='ocrx_word' id='word_1_109' title='bbox 253 1438 344 1492; x_wconf 80' lang='lat' dir='ltr'>extra</span> <span class='ocrx_word' id='word_1_110' title='bbox 360 1423 509 1492; x_wconf 84' lang='lat' dir='ltr'>ordinem</span> <span class='ocrx_word' id='word_1_111' title='bbox 524 1424 693 1510; x_wconf 80' lang='lat' dir='ltr'>infligere,</span> <span class='ocrx_word' id='word_1_112' title='bbox 714 1426 740 1489; x_wconf 92' lang='lat' dir='ltr'>si</span> <span class='ocrx_word' id='word_1_113' title='bbox 763 1427 815 1490; x_wconf 88' lang='lat' dir='ltr'>vel</span> <span class='ocrx_word' id='word_1_114' title='bbox 829 1426 983 1515; x_wconf 85' lang='lat' dir='ltr'>exemplo</span> <span class='ocrx_word' id='word_1_115' title='bbox 998 1450 1083 1516; x_wconf 89' lang='lat' dir='ltr'>opus</span> <span class='ocrx_word' id='word_1_116' title='bbox 1103 1429 1144 1494; x_wconf 91' lang='lat' dir='ltr'>sit</span> <span class='ocrx_word' id='word_1_117' title='bbox 1159 1427 1204 1491; x_wconf 68' lang='lat' dir='ltr'>‘ob</span> <span class='ocrx_word' id='word_1_118' title='bbox 1223 1449 1286 1492; x_wconf 90' lang='lat' dir='ltr'>sce·</span> 
     </span>
     <span class='ocr_line' id='line_1_14' title="bbox 254 1513 1286 1605; baseline 0.001 -25"><span class='ocrx_word' id='word_1_119' title='bbox 254 1515 329 1580; x_wconf 86' lang='lat' dir='ltr'>leris</span> <span class='ocrx_word' id='word_1_120' title='bbox 343 1513 578 1597; x_wconf 72' lang='lat' dir='ltr'>frequentiam,</span> <span class='ocrx_word' id='word_1_121' title='bbox 594 1525 630 1577; x_wconf 90' lang='lat' dir='ltr'>ut</span> <span class='ocrx_word' id='word_1_122' title='bbox 644 1514 680 1578; x_wconf 90' lang='lat' dir='ltr'>in</span> <span class='ocrx_word' id='word_1_123' title='bbox 693 1515 728 1578; x_wconf 89' lang='lat' dir='ltr'>d.</span> <span class='ocrx_word' id='word_1_124' title='bbox 743 1513 766 1578; x_wconf 86' lang='lat' dir='ltr'>l.</span> <span class='ocrx_word' id='word_1_125' title='bbox 781 1535 823 1593; x_wconf 82' lang='lat'>2,</span> <span class='ocrx_word' id='word_1_126' title='bbox 834 1513 883 1604; x_wconf 85' lang='lat' dir='ltr'>ff.</span> <span class='ocrx_word' id='word_1_127' title='bbox 901 1517 943 1579; x_wconf 85' lang='lat' dir='ltr'>de</span> <span class='ocrx_word' id='word_1_128' title='bbox 956 1515 1034 1596; x_wconf 82' lang='lat' dir='ltr'>Iria,</span> <span class='ocrx_word' id='word_1_129' title='bbox 1055 1519 1120 1605; x_wconf 82' lang='lat' dir='ltr'>qui</span> <span class='ocrx_word' id='word_1_130' title='bbox 1135 1519 1194 1583; x_wconf 80' lang='lat' dir='ltr'>sui</span> <span class='ocrx_word' id='word_1_131' title='bbox 1202 1565 1214 1596; x_wconf 89' lang='lat'>,</span> <span class='ocrx_word' id='word_1_132' title='bbox 1229 1525 1286 1582; x_wconf 84' lang='lat' dir='ltr'>etc.</span> 
     </span>
     <span class='ocr_line' id='line_1_15' title="bbox 253 1603 1282 1690; baseline 0.001 -21"><span class='ocrx_word' id='word_1_133' title='bbox 253 1605 306 1669; x_wconf 88' lang='lat' dir='ltr'>vel</span> <span class='ocrx_word' id='word_1_134' title='bbox 316 1603 449 1690; x_wconf 88' lang='lat' dir='ltr'>insignis</span> <span class='ocrx_word' id='word_1_135' title='bbox 463 1604 556 1668; x_wconf 89' lang='lat' dir='ltr'>dolus</span> <span class='ocrx_word' id='word_1_136' title='bbox 567 1603 761 1668; x_wconf 84' lang='lat' dir='ltr'>severiorem</span> <span class='ocrx_word' id='word_1_137' title='bbox 773 1603 1089 1670; x_wconf 84' lang='lat' dir='ltr'>animadversionem</span> <span class='ocrx_word' id='word_1_138' title='bbox 1104 1619 1282 1686; x_wconf 88' lang='lat' dir='ltr'>mereatur,</span> 
     </span>
     <span class='ocr_line' id='line_1_16' title="bbox 253 1691 1286 1784; baseline 0.001 -27"><span class='ocrx_word' id='word_1_139' title='bbox 253 1693 350 1780; x_wconf 88' lang='lat' dir='ltr'>quale</span> <span class='ocrx_word' id='word_1_140' title='bbox 374 1693 568 1782; x_wconf 84' lang='lat' dir='ltr'>exemplum</span> <span class='ocrx_word' id='word_1_141' title='bbox 589 1703 636 1756; x_wconf 87' lang='lat' dir='ltr'>est</span> <span class='ocrx_word' id='word_1_142' title='bbox 658 1693 694 1756; x_wconf 91' lang='lat' dir='ltr'>in</span> <span class='ocrx_word' id='word_1_143' title='bbox 719 1693 742 1757; x_wconf 84' lang='lat' dir='ltr'>l.</span> <span class='ocrx_word' id='word_1_144' title='bbox 760 1691 821 1756; x_wconf 81' lang='lat' dir='ltr'>ult.</span> <span class='ocrx_word' id='word_1_145' title='bbox 834 1691 883 1782; x_wconf 83' lang='lat' dir='ltr'><em>ff</em></span> <span class='ocrx_word' id='word_1_146' title='bbox 905 1693 936 1759; x_wconf 82' lang='lat' dir='ltr'>ai</span> <span class='ocrx_word' id='word_1_147' title='bbox 953 1695 1032 1782; x_wconf 84' lang='lat' dir='ltr'>quis</span> <span class='ocrx_word' id='word_1_148' title='bbox 1051 1719 1074 1760; x_wconf 87' lang='lat' dir='ltr'>a</span> <span class='ocrx_word' id='word_1_149' title='bbox 1089 1705 1196 1784; x_wconf 83' lang='lat' dir='ltr'>patre</span> <span class='ocrx_word' id='word_1_150' title='bbox 1213 1717 1286 1758; x_wconf 85' lang='lat' dir='ltr'>ma-</span> 
     </span>
     <span class='ocr_line' id='line_1_17' title="bbox 254 1779 1285 1871; baseline 0.001 -23"><span class='ocrx_word' id='word_1_151' title='bbox 254 1807 353 1848; x_wconf 78' lang='lat' dir='ltr'>num.</span> <span class='ocrx_word' id='word_1_152' title='bbox 380 1793 442 1846; x_wconf 80' lang='lat' dir='ltr'>etc.</span> <span class='ocrx_word' id='word_1_153' title='bbox 458 1787 503 1846; x_wconf 82' lang='lat'>4⁰.</span> <span class='ocrx_word' id='word_1_154' title='bbox 521 1783 567 1848; x_wconf 87' lang='lat' dir='ltr'>Ea</span> <span class='ocrx_word' id='word_1_155' title='bbox 579 1779 724 1846; x_wconf 82' lang='lat' dir='ltr'>libertate</span> <span class='ocrx_word' id='word_1_156' title='bbox 736 1803 805 1846; x_wconf 91' lang='lat' dir='ltr'>non</span> <span class='ocrx_word' id='word_1_157' title='bbox 816 1781 955 1868; x_wconf 84' lang='lat' dir='ltr'>gaudere</span> <span class='ocrx_word' id='word_1_158' title='bbox 967 1783 1197 1870; x_wconf 79' lang='lat' dir='ltr'>magistratus,</span> <span class='ocrx_word' id='word_1_159' title='bbox 1213 1781 1285 1871; x_wconf 90' lang='lat' dir='ltr'>quia</span> 
     </span>
     <span class='ocr_line' id='line_1_18' title="bbox 253 1871 1283 1962; baseline -0.002 -24"><span class='ocrx_word' id='word_1_160' title='bbox 253 1871 468 1958; x_wconf 86' lang='lat' dir='ltr'>Privilegium</span> <span class='ocrx_word' id='word_1_161' title='bbox 485 1883 531 1935; x_wconf 76' lang='lat' dir='ltr'>est</span> <span class='ocrx_word' id='word_1_162' title='bbox 542 1871 728 1935; x_wconf 83' lang='lat' dir='ltr'>constitutio</span> <span class='ocrx_word' id='word_1_163' title='bbox 742 1871 908 1962; x_wconf 87' lang='lat' dir='ltr'>principis.</span> <span class='ocrx_word' id='word_1_164' title='bbox 932 1871 1017 1939; x_wconf 85' lang='lat' dir='ltr'>Vide</span> <span class='ocrx_word' id='word_1_165' title='bbox 1037 1885 1152 1940; x_wconf 89' lang='lat' dir='ltr'>tamen</span> <span class='ocrx_word' id='word_1_166' title='bbox 1171 1893 1283 1938; x_wconf 88' lang='lat' dir='ltr'>exem·</span> 
     </span>
     <span class='ocr_line' id='line_1_19' title="bbox 250 1959 1344 2052; baseline -0.001 -27"><span class='ocrx_word' id='word_1_167' title='bbox 250 1962 345 2052; x_wconf 88' lang='lat' dir='ltr'>plum</span> <span class='ocrx_word' id='word_1_168' title='bbox 363 1963 451 2050; x_wconf 91' lang='lat' dir='ltr'>apud</span> <span class='ocrx_word' id='word_1_169' title='bbox 467 1963 556 2027; x_wconf 87' lang='lat' dir='ltr'>Suet.</span> <span class='ocrx_word' id='word_1_170' title='bbox 575 1959 674 2024; x_wconf 77' lang='lat' dir='ltr'>Gattt</span> <span class='ocrx_word' id='word_1_171' title='bbox 692 1983 720 2024; x_wconf 91' lang='lat' dir='ltr'>c.</span> <span class='ocrx_word' id='word_1_172' title='bbox 734 1983 769 2046; x_wconf 79' lang='lat'>9.</span> <span class='ocrx_word' id='word_1_173' title='bbox 1343 1979 1344 2046; x_wconf 39' lang='grc' dir='ltr'><strong>ᾗ</strong></span> 
     </span>
    </p>

    <p class='ocr_par' dir='ltr' id='par_1_5' title="bbox 228 2049 1344 2561">
     <span class='ocr_line' id='line_1_20' title="bbox 300 2049 1344 2139; baseline -0.003 -23"><span class='ocrx_word' id='word_1_174' title='bbox 300 2051 400 2116; x_wconf 88' lang='lat' dir='ltr'>Porro</span> <span class='ocrx_word' id='word_1_175' title='bbox 411 2049 579 2139; x_wconf 81' lang='lat' dir='ltr'>privilegia</span> <span class='ocrx_word' id='word_1_176' title='bbox 587 2061 662 2112; x_wconf 90' lang='lat' dir='ltr'>sunt</span> <span class='ocrx_word' id='word_1_177' title='bbox 671 2049 721 2116; x_wconf 89' lang='lat' dir='ltr'>vel</span> <span class='ocrx_word' id='word_1_178' title='bbox 731 2049 958 2136; x_wconf 78' lang='lat' dir='ltr'>personoe,rel</span> <span class='ocrx_word' id='word_1_179' title='bbox 968 2073 1113 2118; x_wconf 79' lang='lat' dir='ltr'>ronasce.</span> <span class='ocrx_word' id='word_1_180' title='bbox 1124 2051 1181 2118; x_wconf 90' lang='lat' dir='ltr'>llla</span> <span class='ocrx_word' id='word_1_181' title='bbox 1194 2062 1281 2132; x_wconf 82' lang='lat' dir='ltr'>snm,</span> <span class='ocrx_word' id='word_1_182' title='bbox 1343 2049 1344 2122; x_wconf 78' lang='lat' dir='ltr'>l</span> 
     </span>
     <span class='ocr_line' id='line_1_21' title="bbox 253 2138 1344 2230; baseline 0.005 -27"><span class='ocrx_word' id='word_1_183' title='bbox 253 2161 328 2228; x_wconf 86' lang='lat' dir='ltr'>quoe</span> <span class='ocrx_word' id='word_1_184' title='bbox 349 2160 494 2230; x_wconf 80' lang='lat' dir='ltr'>personoe</span> <span class='ocrx_word' id='word_1_185' title='bbox 513 2139 651 2218; x_wconf 87' lang='lat' dir='ltr'>dantur,</span> <span class='ocrx_word' id='word_1_186' title='bbox 675 2149 706 2202; x_wconf 87' lang='lat' dir='ltr'>et</span> <span class='ocrx_word' id='word_1_187' title='bbox 721 2138 797 2202; x_wconf 90' lang='lat' dir='ltr'>hinc</span> <span class='ocrx_word' id='word_1_188' title='bbox 815 2141 914 2203; x_wconf 88' lang='lat' dir='ltr'>etiam</span> <span class='ocrx_word' id='word_1_189' title='bbox 931 2161 1008 2204; x_wconf 90' lang='lat' dir='ltr'>cum</span> <span class='ocrx_word' id='word_1_190' title='bbox 1025 2163 1162 2228; x_wconf 82' lang='lat' dir='ltr'>persona</span> <span class='ocrx_word' id='word_1_191' title='bbox 1177 2139 1282 2230; x_wconf 84' lang='lat' dir='ltr'>exspi·</span> <span class='ocrx_word' id='word_1_192' title='bbox 1343 2151 1344 2209; x_wconf 86' lang='lat' dir='ltr'>l</span> 
     </span>
     <span class='ocr_line' id='line_1_22' title="bbox 228 2225 1284 2320; baseline 0 -27"><span class='ocrx_word' id='word_1_193' title='bbox 228 2235 348 2310; x_wconf 80' lang='lat' dir='ltr'>rant,</span> <span class='ocrx_word' id='word_1_194' title='bbox 369 2251 397 2294; x_wconf 89' lang='lat' dir='ltr'>e.</span> <span class='ocrx_word' id='word_1_195' title='bbox 420 2251 453 2314; x_wconf 86' lang='lat' dir='ltr'>g.</span> <span class='ocrx_word' id='word_1_196' title='bbox 498 2225 682 2312; x_wconf 85' lang='lat' dir='ltr'>rivilegium</span> <span class='ocrx_word' id='word_1_197' title='bbox 702 2225 762 2291; x_wconf 86' lang='lat' dir='ltr'>fori</span> <span class='ocrx_word' id='word_1_198' title='bbox 777 2252 785 2289; x_wconf 73' lang='grc' dir='ltr'><strong>ε</strong></span> <span class='ocrx_word' id='word_1_199' title='bbox 798 2227 869 2292; x_wconf 83' lang='lat' dir='ltr'>hoec</span> <span class='ocrx_word' id='word_1_200' title='bbox 881 2278 891 2312; x_wconf 93' lang='lat'>‚</span> <span class='ocrx_word' id='word_1_201' title='bbox 918 2251 992 2318; x_wconf 82' lang='lat' dir='ltr'>quae</span> <span class='ocrx_word' id='word_1_202' title='bbox 1015 2230 1074 2320; x_wconf 88' lang='lat' dir='ltr'>ipsi</span> <span class='ocrx_word' id='word_1_203' title='bbox 1095 2253 1232 2311; x_wconf 87' lang='lat' dir='ltr'>caussae,</span> <span class='ocrx_word' id='word_1_204' title='bbox 1254 2241 1284 2294; x_wconf 79' lang='lat' dir='ltr'>ct</span> 
     </span>
     <span class='ocr_line' id='line_1_23' title="bbox 251 2251 1284 2407; baseline -0.003 -23"><span class='ocrx_word' id='word_1_205' title='bbox 251 2317 329 2384; x_wconf 92' lang='lat' dir='ltr'>hinc</span> <span class='ocrx_word' id='word_1_206' title='bbox 356 2317 455 2383; x_wconf 83' lang='lat' dir='ltr'>etiam</span> <span class='ocrx_word' id='word_1_207' title='bbox 474 2251 645 2382; x_wconf 68' lang='lat' dir='ltr'>loradibus</span> <span class='ocrx_word' id='word_1_208' title='bbox 664 2327 819 2404; x_wconf 84' lang='lat' dir='ltr'>prosunt,</span> <span class='ocrx_word' id='word_1_209' title='bbox 842 2339 870 2382; x_wconf 88' lang='lat' dir='ltr'>c.</span> <span class='ocrx_word' id='word_1_210' title='bbox 891 2339 923 2406; x_wconf 87' lang='lat' dir='ltr'>g.</span> <span class='ocrx_word' id='word_1_211' title='bbox 946 2319 1164 2407; x_wconf 84' lang='lat' dir='ltr'>privilegium</span> <span class='ocrx_word' id='word_1_212' title='bbox 1185 2317 1284 2385; x_wconf 86' lang='lat' dir='ltr'>feudis</span> 
     </span>
     <span class='ocr_line' id='line_1_24' title="bbox 251 2402 1284 2500; baseline 0 -30"><span class='ocrx_word' id='word_1_213' title='bbox 251 2407 387 2488; x_wconf 86' lang='lat' dir='ltr'>datum,</span> <span class='ocrx_word' id='word_1_214' title='bbox 409 2417 446 2470; x_wconf 86' lang='lat' dir='ltr'>ut</span> <span class='ocrx_word' id='word_1_215' title='bbox 459 2425 575 2470; x_wconf 84' lang='lat' dir='ltr'>caussae</span> <span class='ocrx_word' id='word_1_216' title='bbox 587 2402 727 2470; x_wconf 85' lang='lat' dir='ltr'>feudales</span> <span class='ocrx_word' id='word_1_217' title='bbox 737 2416 810 2470; x_wconf 90' lang='lat' dir='ltr'>&#39;non</span> <span class='ocrx_word' id='word_1_218' title='bbox 825 2406 886 2471; x_wconf 85' lang='lat' dir='ltr'>nisi</span> <span class='ocrx_word' id='word_1_219' title='bbox 905 2427 1018 2474; x_wconf 85' lang='lat' dir='ltr'>caram</span> <span class='ocrx_word' id='word_1_220' title='bbox 1036 2409 1174 2500; x_wconf 87' lang='lat' dir='ltr'>paribus</span> <span class='ocrx_word' id='word_1_221' title='bbox 1185 2408 1284 2476; x_wconf 74' lang='lat' dir='ltr'>curin</span> 
     </span>
     <span class='ocr_line' id='line_1_25' title="bbox 251 2506 444 2561; baseline -0.016 -1"><span class='ocrx_word' id='word_1_222' title='bbox 251 2506 444 2561; x_wconf 70' lang='lat' dir='ltr'>tractentur.</span> 
     </span>
    </p>
   </div>
   <div class='ocr_carea' id='block_1_4' title="bbox 653 2613 870 2702">
    <p class='ocr_par' dir='ltr' id='par_1_6' title="bbox 653 2613 870 2702">
     <span class='ocr_line' id='line_1_26' title="bbox 653 2613 870 2702; baseline 0.009 -24"><span class='ocrx_word' id='word_1_223' title='bbox 653 2617 686 2702; x_wconf 73' lang='grc' dir='ltr'>ς.</span> <span class='ocrx_word' id='word_1_224' title='bbox 712 2613 870 2682; x_wconf 78' lang='lat' dir='ltr'>nxrn.</span> 
     </span>
    </p>
   </div>
   <div class='ocr_carea' id='block_1_5' title="bbox 244 2761 1343 3922">
    <p class='ocr_par' dir='ltr' id='par_1_7' title="bbox 244 2761 1343 3922">
     <span class='ocr_line' id='line_1_27' title="bbox 292 2761 1282 2858; baseline -0.001 -29"><span class='ocrx_word' id='word_1_225' title='bbox 292 2763 374 2829; x_wconf 86' lang='lat' dir='ltr'>Inde</span> <span class='ocrx_word' id='word_1_226' title='bbox 385 2785 463 2852; x_wconf 86' lang='lat' dir='ltr'>ergo</span> <span class='ocrx_word' id='word_1_227' title='bbox 474 2761 582 2828; x_wconf 87' lang='lat' dir='ltr'>fluunt</span> <span class='ocrx_word' id='word_1_228' title='bbox 596 2761 746 2851; x_wconf 85' lang='lat' dir='ltr'>quaedam</span> <span class='ocrx_word' id='word_1_229' title='bbox 765 2765 943 2830; x_wconf 78' lang='lat' dir='ltr'>axiomata</span> <span class='ocrx_word' id='word_1_230' title='bbox 957 2764 1000 2830; x_wconf 78' lang='lat' dir='ltr'>de</span> <span class='ocrx_word' id='word_1_231' title='bbox 1007 2767 1207 2858; x_wconf 77' lang='lat' dir='ltr'>privilegiis</span> <span class='ocrx_word' id='word_1_232' title='bbox 1224 2763 1282 2830; x_wconf 91' lang='lat' dir='ltr'>ob·</span> 
     </span>
     <span class='ocr_line' id='line_1_28' title="bbox 251 2852 1281 2944; baseline 0.001 -24"><span class='ocrx_word' id='word_1_233' title='bbox 251 2854 433 2935; x_wconf 80' lang='lat' dir='ltr'>servanda,</span> <span class='ocrx_word' id='word_1_234' title='bbox 453 2874 597 2942; x_wconf 89' lang='lat' dir='ltr'>qnorum</span> <span class='ocrx_word' id='word_1_235' title='bbox 620 2859 664 2918; x_wconf 84' lang='lat'>1⁰.</span> <span class='ocrx_word' id='word_1_236' title='bbox 692 2852 838 2940; x_wconf 86' lang='lat' dir='ltr'>primum</span> <span class='ocrx_word' id='word_1_237' title='bbox 855 2865 922 2918; x_wconf 83' lang='lat' dir='ltr'>est:</span> <span class='ocrx_word' id='word_1_238' title='bbox 936 2853 1105 2944; x_wconf 82' lang='lat' dir='ltr'>privilegia</span> <span class='ocrx_word' id='word_1_239' title='bbox 1120 2855 1281 2922; x_wconf 64' lang='lat' dir='ltr'>solusim⁴</span> 
     </span>
     <span class='ocr_line' id='line_1_29' title="bbox 248 2941 1343 3048; baseline -0.005 -39"><span class='ocrx_word' id='word_1_240' title='bbox 248 2965 365 3048; x_wconf 82' lang='lat' dir='ltr'>perans</span> <span class='ocrx_word' id='word_1_241' title='bbox 381 2941 553 3020; x_wconf 79' lang='lat' dir='ltr'>concedit3</span> <span class='ocrx_word' id='word_1_242' title='bbox 575 2963 744 3028; x_wconf 82' lang='lat' dir='ltr'>ergonon</span> <span class='ocrx_word' id='word_1_243' title='bbox 765 2943 993 3028; x_wconf 83' lang='lat' dir='ltr'>magistratus,</span> <span class='ocrx_word' id='word_1_244' title='bbox 1014 2950 1137 3034; x_wconf 90' lang='lat' dir='ltr'>qnippe</span> <span class='ocrx_word' id='word_1_245' title='bbox 1156 2943 1278 3030; x_wconf 85' lang='lat' dir='ltr'>legibus</span> <span class='ocrx_word' id='word_1_246' title='bbox 1342 2943 1343 2964; x_wconf 67' lang='lat'>¹</span> 
     </span>
     <span class='ocr_line' id='line_1_30' title="bbox 246 3027 1277 3123; baseline -0.006 -23"><span class='ocrx_word' id='word_1_247' title='bbox 246 3057 313 3123; x_wconf 89' lang='lat' dir='ltr'>1pse</span> <span class='ocrx_word' id='word_1_248' title='bbox 328 3033 508 3098; x_wconf 82' lang='lat' dir='ltr'>obstrictus.</span> <span class='ocrx_word' id='word_1_249' title='bbox 522 3027 620 3097; x_wconf 87' lang='lat' dir='ltr'>Ratio</span> <span class='ocrx_word' id='word_1_250' title='bbox 631 3041 677 3096; x_wconf 87' lang='lat' dir='ltr'>est</span> <span class='ocrx_word' id='word_1_251' title='bbox 689 3032 724 3096; x_wconf 94' lang='lat' dir='ltr'>in</span> <span class='ocrx_word' id='word_1_252' title='bbox 740 3031 770 3118; x_wconf 58' lang='grc' dir='ltr'>ς.</span> <span class='ocrx_word' id='word_1_253' title='bbox 789 3031 849 3113; x_wconf 84' lang='lat'>60,</span> <span class='ocrx_word' id='word_1_254' title='bbox 866 3031 940 3120; x_wconf 90' lang='lat' dir='ltr'>qnia</span> <span class='ocrx_word' id='word_1_255' title='bbox 957 3033 1125 3120; x_wconf 85' lang='lat' dir='ltr'>privilegia</span> <span class='ocrx_word' id='word_1_256' title='bbox 1139 3031 1277 3098; x_wconf 85' lang='lat' dir='ltr'>ostendi·</span> 
     </span>
     <span class='ocr_line' id='line_1_31' title="bbox 247 3121 1278 3212; baseline -0.005 -24"><span class='ocrx_word' id='word_1_257' title='bbox 247 3133 321 3188; x_wconf 91' lang='lat' dir='ltr'>mus&#39;</span> <span class='ocrx_word' id='word_1_258' title='bbox 343 3142 410 3188; x_wconf 83' lang='lat' dir='ltr'>esse</span> <span class='ocrx_word' id='word_1_259' title='bbox 433 3123 536 3208; x_wconf 81' lang='lat' dir='ltr'>leges,</span> <span class='ocrx_word' id='word_1_260' title='bbox 558 3121 749 3207; x_wconf 85' lang='lat' dir='ltr'>legislatoria</span> <span class='ocrx_word' id='word_1_261' title='bbox 771 3131 880 3186; x_wconf 88' lang='lat' dir='ltr'>autem</span> <span class='ocrx_word' id='word_1_262' title='bbox 898 3131 1036 3208; x_wconf 85' lang='lat' dir='ltr'>potestas</span> <span class='ocrx_word' id='word_1_263' title='bbox 1056 3145 1155 3212; x_wconf 83' lang='lat' dir='ltr'>penes</span> <span class='ocrx_word' id='word_1_264' title='bbox 1174 3123 1278 3187; x_wconf 89' lang='lat' dir='ltr'>solum</span> 
     </span>
     <span class='ocr_line' id='line_1_32' title="bbox 246 3210 1279 3300; baseline -0.006 -21"><span class='ocrx_word' id='word_1_265' title='bbox 246 3235 416 3280; x_wconf 88' lang='lat' dir='ltr'>summurn</span> <span class='ocrx_word' id='word_1_266' title='bbox 431 3211 649 3300; x_wconf 83' lang='lat' dir='ltr'>imperantem</span> <span class='ocrx_word' id='word_1_267' title='bbox 660 3221 716 3274; x_wconf 89' lang='lat' dir='ltr'>est.</span> <span class='ocrx_word' id='word_1_268' title='bbox 732 3217 776 3274; x_wconf 77' lang='lat'>2⁰.</span> <span class='ocrx_word' id='word_1_269' title='bbox 791 3210 980 3276; x_wconf 85' lang='lat' dir='ltr'>Secundum</span> <span class='ocrx_word' id='word_1_270' title='bbox 991 3237 998 3276; x_wconf 77' lang='grc' dir='ltr'><strong>ε</strong></span> <span class='ocrx_word' id='word_1_271' title='bbox 1011 3212 1184 3299; x_wconf 86' lang='lat' dir='ltr'>Privilegia</span> <span class='ocrx_word' id='word_1_272' title='bbox 1200 3232 1279 3275; x_wconf 89' lang='lat' dir='ltr'>con-</span> 
     </span>
     <span class='ocr_line' id='line_1_33' title="bbox 247 3298 1277 3389; baseline -0.006 -20"><span class='ocrx_word' id='word_1_273' title='bbox 247 3301 384 3368; x_wconf 89' lang='lat' dir='ltr'>cedendi</span> <span class='ocrx_word' id='word_1_274' title='bbox 399 3302 452 3386; x_wconf 85' lang='lat' dir='ltr'>jus</span> <span class='ocrx_word' id='word_1_275' title='bbox 472 3321 540 3364; x_wconf 94' lang='lat' dir='ltr'>non</span> <span class='ocrx_word' id='word_1_276' title='bbox 559 3309 606 3364; x_wconf 86' lang='lat' dir='ltr'>est</span> <span class='ocrx_word' id='word_1_277' title='bbox 630 3321 727 3387; x_wconf 84' lang='lat' dir='ltr'>penes</span> <span class='ocrx_word' id='word_1_278' title='bbox 744 3298 980 3385; x_wconf 84' lang='lat' dir='ltr'>magistratum.</span> <span class='ocrx_word' id='word_1_279' title='bbox 1002 3303 1076 3365; x_wconf 90' lang='lat' dir='ltr'>Hoc</span> <span class='ocrx_word' id='word_1_280' title='bbox 1101 3323 1146 3366; x_wconf 81' lang='lat' dir='ltr'>ex</span> <span class='ocrx_word' id='word_1_281' title='bbox 1169 3299 1277 3389; x_wconf 86' lang='lat' dir='ltr'>priore</span> 
     </span>
     <span class='ocr_line' id='line_1_34' title="bbox 244 3389 1275 3478; baseline -0.008 -20"><span class='ocrx_word' id='word_1_282' title='bbox 244 3392 328 3458; x_wconf 80' lang='lat' dir='ltr'>fluit.</span> <span class='ocrx_word' id='word_1_283' title='bbox 345 3393 392 3456; x_wconf 78' lang='lat'>5⁰.</span> <span class='ocrx_word' id='word_1_284' title='bbox 405 3389 555 3454; x_wconf 84' lang='lat' dir='ltr'>Tertium</span> <span class='ocrx_word' id='word_1_285' title='bbox 566 3413 574 3449; x_wconf 75' lang='grc' dir='ltr'><strong><em>ε</em></strong></span> <span class='ocrx_word' id='word_1_286' title='bbox 586 3389 782 3476; x_wconf 81' lang='lat' dir='ltr'>imperantis</span> <span class='ocrx_word' id='word_1_287' title='bbox 795 3399 852 3468; x_wconf 87' lang='lat' dir='ltr'>est,</span> <span class='ocrx_word' id='word_1_288' title='bbox 864 3400 1013 3470; x_wconf 85' lang='lat' dir='ltr'>statuere,</span> <span class='ocrx_word' id='word_1_289' title='bbox 1026 3413 1123 3478; x_wconf 79' lang='lat' dir='ltr'>quem</span> <span class='ocrx_word' id='word_1_290' title='bbox 1141 3389 1275 3454; x_wconf 87' lang='lat' dir='ltr'>modum</span> 
     </span>
     <span class='ocr_line' id='line_1_35' title="bbox 244 3474 1276 3566; baseline -0.009 -18"><span class='ocrx_word' id='word_1_291' title='bbox 244 3504 309 3548; x_wconf 77' lang='lat' dir='ltr'>esre</span> <span class='ocrx_word' id='word_1_292' title='bbox 324 3478 401 3544; x_wconf 81' lang='lat' dir='ltr'>velit</span> <span class='ocrx_word' id='word_1_293' title='bbox 415 3477 561 3542; x_wconf 85' lang='lat' dir='ltr'>beneficii</span> <span class='ocrx_word' id='word_1_294' title='bbox 572 3477 655 3542; x_wconf 79' lang='lat' dir='ltr'>suit.</span> <span class='ocrx_word' id='word_1_295' title='bbox 672 3499 723 3562; x_wconf 69' lang='lat'>19¹</span> <span class='ocrx_word' id='word_1_296' title='bbox 735 3474 798 3566; x_wconf 80' lang='lat' dir='ltr'>,ffi</span> <span class='ocrx_word' id='word_1_297' title='bbox 813 3479 855 3542; x_wconf 82' lang='lat' dir='ltr'>dc</span> <span class='ocrx_word' id='word_1_298' title='bbox 870 3479 916 3544; x_wconf 83' lang='lat' dir='ltr'>It.</span> <span class='ocrx_word' id='word_1_299' title='bbox 932 3479 960 3542; x_wconf 84' lang='lat' dir='ltr'><em>J</em></span> <span class='ocrx_word' id='word_1_300' title='bbox 959 3525 969 3544; x_wconf 86' lang='lat'><strong>.</strong></span> <span class='ocrx_word' id='word_1_301' title='bbox 987 3481 1061 3546; x_wconf 86' lang='lat' dir='ltr'>Hoc</span> <span class='ocrx_word' id='word_1_302' title='bbox 1073 3482 1206 3544; x_wconf 83' lang='lat' dir='ltr'>axioma</span> <span class='ocrx_word' id='word_1_303' title='bbox 1218 3476 1276 3552; x_wconf 62' lang='lat' dir='ltr'>ob:</span> 
     </span>
     <span class='ocr_line' id='line_1_36' title="bbox 244 3566 1275 3658; baseline -0.005 -26"><span class='ocrx_word' id='word_1_304' title='bbox 244 3569 442 3641; x_wconf 80' lang='lat' dir='ltr'>servandum</span> <span class='ocrx_word' id='word_1_305' title='bbox 467 3579 582 3631; x_wconf 87' lang='lat' dir='ltr'>contra</span> <span class='ocrx_word' id='word_1_306' title='bbox 599 3587 674 3646; x_wconf 87' lang='lat' dir='ltr'>eos,</span> <span class='ocrx_word' id='word_1_307' title='bbox 699 3568 776 3653; x_wconf 90' lang='lat' dir='ltr'>qui,</span> <span class='ocrx_word' id='word_1_308' title='bbox 803 3566 894 3632; x_wconf 89' lang='lat' dir='ltr'>abusi</span> <span class='ocrx_word' id='word_1_309' title='bbox 916 3567 939 3634; x_wconf 85' lang='lat' dir='ltr'>l.</span> <span class='ocrx_word' id='word_1_310' title='bbox 961 3571 985 3632; x_wconf 83' lang='lat'><strong><em>3</em></strong></span> <span class='ocrx_word' id='word_1_311' title='bbox 995 3617 1008 3648; x_wconf 92' lang='lat'>,</span> <span class='ocrx_word' id='word_1_312' title='bbox 1022 3567 1070 3658; x_wconf 78' lang='lat' dir='ltr'>ff.</span> <span class='ocrx_word' id='word_1_313' title='bbox 1092 3570 1134 3634; x_wconf 78' lang='lat' dir='ltr'>de</span> <span class='ocrx_word' id='word_1_314' title='bbox 1160 3569 1275 3633; x_wconf 84' lang='lat' dir='ltr'>Const.</span> 
     </span>
     <span class='ocr_line' id='line_1_37' title="bbox 244 3655 1275 3745; baseline -0.009 -19"><span class='ocrx_word' id='word_1_315' title='bbox 244 3659 366 3727; x_wconf 75' lang='lat' dir='ltr'>Princ.</span> <span class='ocrx_word' id='word_1_316' title='bbox 389 3667 528 3745; x_wconf 87' lang='lat' dir='ltr'>putant,</span> <span class='ocrx_word' id='word_1_317' title='bbox 551 3655 850 3744; x_wconf 86' lang='lat' dir='ltr'>interpretationem</span> <span class='ocrx_word' id='word_1_318' title='bbox 866 3659 1069 3726; x_wconf 82' lang='lat' dir='ltr'>extensivam</span> <span class='ocrx_word' id='word_1_319' title='bbox 1087 3659 1199 3724; x_wconf 86' lang='lat' dir='ltr'>locum</span> <span class='ocrx_word' id='word_1_320' title='bbox 1213 3655 1275 3720; x_wconf 88' lang='lat' dir='ltr'>ha-</span> 
     </span>
     <span class='ocr_line' id='line_1_38' title="bbox 244 3745 1274 3838; baseline -0.008 -24"><span class='ocrx_word' id='word_1_321' title='bbox 244 3749 320 3814; x_wconf 91' lang='lat' dir='ltr'>berc</span> <span class='ocrx_word' id='word_1_322' title='bbox 330 3749 367 3825; x_wconf 59' lang='lat' dir='ltr'>⁴in</span> <span class='ocrx_word' id='word_1_323' title='bbox 382 3745 557 3833; x_wconf 81' lang='lat' dir='ltr'>privilegiis</span> <span class='ocrx_word' id='word_1_324' title='bbox 569 3767 676 3831; x_wconf 90' lang='lat' dir='ltr'>quum</span> <span class='ocrx_word' id='word_1_325' title='bbox 700 3755 811 3810; x_wconf 88' lang='lat' dir='ltr'>tamen</span> <span class='ocrx_word' id='word_1_326' title='bbox 832 3746 888 3812; x_wconf 89' lang='lat' dir='ltr'>illa</span> <span class='ocrx_word' id='word_1_327' title='bbox 912 3747 934 3812; x_wconf 82' lang='lat' dir='ltr'>l.</span> <span class='ocrx_word' id='word_1_328' title='bbox 957 3748 999 3827; x_wconf 80' lang='lat'>3,</span> <span class='ocrx_word' id='word_1_329' title='bbox 1020 3749 1150 3838; x_wconf 90' lang='lat' dir='ltr'>proprie</span> <span class='ocrx_word' id='word_1_330' title='bbox 1169 3745 1274 3830; x_wconf 83' lang='lat' dir='ltr'>deju-</span> 
     </span>
     <span class='ocr_line' id='line_1_39' title="bbox 244 3835 1203 3922; baseline -0.007 -18"><span class='ocrx_word' id='word_1_331' title='bbox 244 3839 334 3904; x_wconf 82' lang='lat' dir='ltr'>ritus</span> <span class='ocrx_word' id='word_1_332' title='bbox 348 3836 564 3922; x_wconf 77' lang='lat' dir='ltr'>singularibus</span> <span class='ocrx_word' id='word_1_333' title='bbox 575 3835 746 3920; x_wconf 86' lang='lat' dir='ltr'>loquatur,</span> <span class='ocrx_word' id='word_1_334' title='bbox 762 3835 932 3922; x_wconf 85' lang='lat' dir='ltr'>dequibus</span> <span class='ocrx_word' id='word_1_335' title='bbox 948 3836 977 3920; x_wconf 67' lang='lat' dir='ltr'>S.</span> <span class='ocrx_word' id='word_1_336' title='bbox 994 3835 1035 3904; x_wconf 80' lang='lat' dir='ltr'>to</span> <span class='ocrx_word' id='word_1_337' title='bbox 1048 3837 1203 3904; x_wconf 84' lang='lat' dir='ltr'>diximus.</span> 
     </span>
    </p>
   </div>
   <div class='ocr_carea' id='block_1_6' title="bbox 1054 3965 1342 4092">
    <p class='ocr_par' dir='ltr' id='par_1_8' title="bbox 1054 3965 1342 4092">
     <span class='ocr_line' id='line_1_40' title="bbox 1054 3965 1342 4092; baseline -0.01 -20"><span class='ocrx_word' id='word_1_338' title='bbox 1054 4007 1101 4092; x_wconf 71' lang='grc' dir='ltr'>ς.</span> <span class='ocrx_word' id='word_1_339' title='bbox 1125 3999 1272 4080; x_wconf 77' lang='lat' dir='ltr'>cxiv,</span> <span class='ocrx_word' id='word_1_340' title='bbox 1341 3965 1342 4043; x_wconf 78' lang='lat' dir='ltr'>l</span> 
     </span>
    </p>
   </div>
   <div class='ocr_carea' id='block_1_7' title="bbox 0 0 1360 4504">
    <p class='ocr_par' dir='ltr' id='par_1_9' title="bbox 0 0 1360 4504">
     <span class='ocr_line' id='line_1_41' title="bbox 0 0 1360 4504; baseline 0 1"><span class='ocrx_word' id='word_1_341' title='bbox 0 0 1360 4504; x_wconf 95' lang='lat' dir='ltr'> </span> 
     </span>
    </p>
   </div>
  </div>
 </body>
</html>
