2644 4504
879 73 892 104 b

144 257 221 326 nn
241 261 360 331 nnn.
377 247 1018 356 DIV.ETADQU.EAR.DOM1N.
1042 253 1112 340 ιη

49 367 283 452 madvertet,
303 376 386 442 nihil
404 400 467 443 esse
478 381 583 466 magis
600 404 617 444 s
632 377 875 444 christianismo
887 373 1029 456 alienum
1044 365 1110 430 hu-

47 458 208 546 jusmodi
235 468 561 546 consecrationibus,
587 489 689 555 quum
717 490 775 532 neo
806 465 894 530 lleus
921 459 956 524 in
981 453 1111 554 templi}

51 570 163 615 manu
189 548 301 617 sactis
320 553 460 635 habitet,
475 569 506 622 et
525 557 569 623 eis
582 559 678 622 etiam
691 557 732 622 ab
746 551 931 621 hominibus
943 547 1026 612 nihil
1038 545 1110 608 dan

42 638 258 726 donarique
280 645 398 730 possit,
417 657 449 710 et
463 645 495 710 in
513 668 601 713 novo
614 645 734 712 foedere
752 667 850 710 omne
863 639 1036 708 discrimen
1055 633 1109 698 lo·

53 749 181 794 eorum
203 729 258 794 ita
275 732 442 798 sublatum
456 727 516 816 sit,
536 747 681 823 utaque
701 747 800 822 grstae
822 733 885 798 sint
905 730 977 794 Deo
998 741 1109 827 preces

52 815 88 881 in
104 841 217 906 specu
236 821 298 884 vel
312 822 373 888 sub
389 823 448 892 dio·
460 822 555 904 fusse,
570 848 670 913 quam
684 823 719 888 in
732 823 856 913 templo
873 813 1108 904 religiosissime

54 904 232 972 dedicato.
252 909 480 978 Nihilominus
496 914 553 978 iste
565 937 657 980 error
675 935 818 1003 paganus
830 903 1044 996 triumphavit
1053 949 1063 981 ‚
1073 907 1108 1002 tt

1 1060 3 1063 ,
51 997 131 1084 jure
154 999 334 1066 canonico
356 1001 504 1067 firmatus
525 1014 592 1084 est,
614 1015 651 1068 ut
672 1001 760 1068 nefas
781 999 915 1067 credant
927 1046 937 1078 ,
962 1009 1108 1060 sacram

56 1086 192 1176 templo
213 1083 351 1168 facere,
375 1091 434 1156 nisi
453 1091 602 1158 sollemni
620 1093 686 1158 ritu
705 1092 746 1156 ab
767 1090 917 1178 episcopo
935 1097 1108 1150 eonsecra-

57 1186 133 1241 tunr
157 1175 230 1256 sit,
250 1178 306 1240 vel
324 1179 361 1244 in
377 1179 499 1246 sedibus
516 1181 670 1270 privatis,
693 1181 754 1246 nisi
770 1200 889 1246 mensae
905 1179 1109 1264 supponatur

61 1267 166 1332 altare
193 1268 359 1353 portatile
377 1269 519 1355 reliquiis
537 1271 730 1356 quibusdam
751 1279 937 1334 sanctorum
959 1261 1107 1352 plenum.

61 1355 127 1420 Sed
155 1375 318 1420 errorem
344 1355 433 1422 huno
456 1358 526 1445 jam
549 1359 603 1426 alii
625 1359 724 1424 solide
747 1355 986 1448 profligarunt,
1014 1359 1046 1414 et
1072 1347 1109 1412 in

61 1443 114 1510 his
143 1443 358 1596 Rludolphus
385 1447 667 1538 Hospinianus‘in
688 1469 785 1540 opere
807 1443 901 1512 docte
921 1439 1043 1532 scripto
1064 1435 1108 1501 de

63 1546 135 1600 tem
174 1557 225 1598 os.
285 1569 287 1574 ·
675 1581 678 1592 .

44 1663 46 1668 ·
113 1559 164 1688 ιξ.
182 1624 279 1686 Sunt
293 1645 371 1710 ergo
385 1636 417 1690 et
428 1625 524 1692 hodie
540 1649 593 1692 res
612 1647 721 1692 snoroe
727 1674 740 1706 ,
754 1621 854 1692 veluti
874 1619 1014 1708 templs,
1027 1635 1105 1680 vasa
1139 1654 1190 1688 a

65 1733 158 1779 sacra
174 1760 185 1791 ‚
201 1722 271 1776 eto.
286 1733 388 1802 eaque
403 1715 490 1804 apud
507 1716 727 1782 Romanenses
742 1713 785 1780 ita
801 1712 956 1778 dicuntur
967 1706 1010 1772 ob
1023 1723 1108 1769 oon-

64 1801 409 1891 secrationem,apud
421 1805 633 1869 Protestantes
644 1805 685 1870 ob
694 1801 938 1890 destinationem
949 1807 982 1862 et
992 1814 1108 1873 usum,

67 1893 145 1978 quia
166 1890 244 1957 soil.
265 1891 367 1956 oultui
382 1891 494 1958 divino
511 1893 695 1983 peragendo
710 1892 874 1958 destinatas
888 1898 987 1966 sunt,
1005 1879 1106 1949 ethis

1 2059 2 2070 ἵ
66 1980 169 2046 etiam
188 1978 304 2044 usibus
321 1980 538 2064 adhibentur3
558 1982 644 2048 unde
658 1981 746 2072 apud
762 1980 833 2046 illos
851 1999 902 2044 res
915 1995 1014 2041 saoroe
1029 1991 1105 2036 ma·

1 2077 2 2122 t
70 2089 149 2134 nere
164 2070 347 2160 dicuntur,
362 2071 510 2156 quamvis
526 2071 630 2150 cultui
641 2071 754 2137 divino
770 2091 838 2135 non
851 2065 991 2158 amplius
1003 2062 1106 2127 inser·

1 2159 2 2222 l
70 2158 187 2240 vient,
211 2155 290 2246 qula
304 2158 402 2223 semel
419 2171 612 2226 consecratos
628 2167 724 2241 sunt,
744 2158 834 2248 apud
852 2179 911 2222 nos
928 2173 1027 2220 sacrm
1041 2169 1107 2216 esse

1 2321 2 2328 χ
70 2245 250 2328 desinunt,
264 2245 399 2312 simulne
408 2269 482 2314 non
497 2249 636 2339 amplias
648 2250 686 2315 iis
701 2247 825 2314 utimur
839 2246 883 2312 ad
895 2243 1023 2310 cultum
1035 2237 1108 2304 Deo

1 2339 2 2388 ἶ
70 2335 315 2402 exhibendum.
341 2334 387 2400 2⁰.
414 2336 471 2402 Ab
494 2337 544 2403 his
561 2337 658 2404 bodie
675 2337 904 2404 discernuntur
924 2356 979 2398 res
999 2327 1105 2396 eaelo·
1131 2345 1194 2380 αν·

72 2425 249 2503 tinuisse,
262 2447 336 2512 quae
349 2446 418 2490 non
431 2415 635 2508 immediate,
651 2426 707 2492 sad
725 2426 863 2493 mediate
880 2433 1011 2488 tantum
1030 2417 1107 2482 cul·
1258 2419 1262 2428 ’

1 2595 2 2602 ¹
72 2515 120 2578 tui
146 2509 266 2580 divino
290 2515 497 2598 inserviunt,
528 2517 627 2582 veluti
652 2516 804 2584 oerarium
829 2510 1108 2588 ecclesiasticum,

1 2631 2 2656 ι
73 2602 163 2688 agri,
181 2601 370 2694 praediaque
389 2604 431 2668 ad
449 2605 595 2671 ecelesias
615 2607 668 2670 vel
683 2605 876 2671 monasteria
897 2598 1104 2692 pertinentia.

73 2689 116 2756 lis
133 2695 231 2780 ,enim
246 2692 356 2758 Deum
370 2715 436 2758 non
451 2695 588 2760 colimus
599 2695 807 2778 immediate,
825 2693 880 2760 sed
895 2690 972 2778 quia
993 2699 1105 2753 tamen

71 2777 151 2845 'ind'e'
169 2781 300 2880 reditus&
315 2782 529 2872 proveniunt,
552 2804 595 2848 ex
617 2783 733 2870 quibus
749 2783 904 2848 salarium
923 2779 1020 2843 datur
1038 2775 1106 2840 mi·

76 2868 184 2939 nistris
203 2871 362 2952 ecclesian,
382 2869 459 2936 hine
479 2872 617 2938 mediate
632 2873 674 2938 ad
693 2871 821 2937 cultum
836 2869 986 2936 divinum
1006 2863 1106 2950 (lestis

75 2970 151 3030 nata
177 2955 362 3026 censentur.
383 2957 471 3028 Hinc
493 2957 619 3028 facilius
632 2961 834 3040 alienantur,
850 2959 925 3036 vel,
944 2967 982 3020 ut
1002 2975 1106 3022 cano·

77 3047 167 3113 nislae
186 3046 368 3136 loquuntur
378 3043 391 3128 ,’
408 3050 685 3132 saeoularisantur‚
710 3050 756 3140 (a)
778 3047 805 3132 si
822 3047 855 3111 id
877 3043 1028 3134 expediat
1047 3047 1105 3108 eo·

77 3135 200 3224 blesim,
216 3139 238 3202 l.
258 3136 320 3216 14,
336 3139 367 3222 ς.
384 3139 428 3218 5,
444 3133 467 3203 t'
485 3160 540 3228 17,
560 3141 591 3226 §.
612 3163 645 3219 s,
667 3136 705 3205 ’0.
722 3138 813 3204 deS.
833 3137 867 3200 S.
883 3134 996 3201 eccles.
1015 3131 1060 3222 (b)
1077 3127 1104 3197 sl

78 3227 209 3311 ascedat
227 3225 395 3292 decretum
406 3225 580 3316 episcopi,
599 3227 651 3296 vel
671 3227 759 3318 apud
779 3248 838 3291 nos
857 3222 979 3306 summi
996 3221 1106 3312 impe·

4 3392 5 3402 ἵ
76 3315 177 3396 rantis
187 3315 243 3396 ,iel
259 3316 475 3402 magistratus.
490 3317 580 3382 Nam
600 3317 675 3404 quia
714 3317 915 3406 incorpora,
931 3313 1033 3380 veluti
1049 3327 1106 3377 ec-

70 3401 195 3485 elesius,
215 3406 520 3496 orphanotrophos,
542 3341 746 3475 xenotlocliia
767 3404 948 3470 minoribus
968 3423 1107 3492 compa·

3 3529 4 3534 κ
78 3495 212 3573 tantur,
227 3493 421 3582 quippe‘sub
443 3505 597 3584 perpetua
618 3493 757 3559 aliorum
771 3495 938 3560 curatione
952 3503 983 3559 et
996 3491 1104 3558 admi-

69 3581 271 3672 'uisitatione‘
291 3581 464 3648 constituta
486 3609 495 3649 ε
519 3583 596 3650 binc
619 3603 680 3650 nec
710 3583 878 3649 alienanda
909 3595 985 3648 sunt
1017 3581 1102 3648 bona

79 3689 189 3736 eorum
206 3670 386 3736 immobilia
399 3671 467 3736 sine
482 3693 601 3739 caussae
619 3671 804 3760 cognitione
821 3683 854 3737 et
866 3671 995 3737 decreto
1010 3691 1102 3758 supe·

79 3755 221 3848 riorum,
238 3761 314 3848 quia
331 3759 364 3824 id
382 3757 480 3825 etism
497 3762 531 3827 in
551 3761 647 3826 rebus
663 3785 706 3850 pu
732 3761 865 3826 illorum
884 3773 917 3845 et
932 3760 1101 3825 minorum

81 3843 294 3918 immobilibus
304 3846 665 3940 requiritur,t.i„§.s,
707 3844 880 3934 adorabas
889 3870 956 3917 eor.
968 3845 1103 3942 quisuis
