2644 4504
204 307 272 398 sn
374 277 377 282 ’
486 289 747 394 pronun,
773 310 886 380 rrr.
908 309 951 376 1.

205 417 338 484 traditio
356 417 505 504 accedat,
524 443 597 508 quae
616 421 682 486 sola
696 418 845 486 transfert
863 416 1041 485 dominium
1059 415 1109 486 vet
1119 416 1168 504 jus
1178 412 1211 482 in

205 528 260 586 re,
274 508 372 574 modo
387 511 578 598 praecesserit
592 511 705 576 titulus
717 507 759 584 'ed
774 507 1031 594 transferendum
1042 509 1213 574 dominium

206 595 343 676 habilis,
359 599 381 662 l.
398 601 458 676 31,
471 622 528 686 pr.
539 597 586 690 ff
601 598 643 664 de
660 600 796 688 adquin
818 615 882 663 rer.
906 599 996 663 dom.
1019 599 1048 684 ς.
1066 596 1108 677 4,
1130 597 1211 662 Inst.

206 685 246 762 ln,
262 696 286 778 t.
302 687 398 775 ¹Epgo
417 709 476 787 opo
493 688 605 752 titulus
621 687 738 754 sufficit
753 689 820 752 sine
838 688 1029 763 traditione,
1048 709 1105 751 neo
1124 683 1212 748 tradi·

206 773 254 838 ti'o
268 775 336 838 ”sine
357 773 466 840 tituio.⁸
484 778 559 841 Hoc
581 779 712 842 axioma
734 787 848 862 regnet
869 797 927 865 per
946 775 1131 840 universum
1146 774 1214 858 jus,

206 873 241 925 et
257 862 357 950 probe
371 863 572 950 infigendum
590 863 636 932 est
652 867 827 930 memoriae.
849 865 933 930 Sunt
948 869 1059 928 tamen
1078 862 1217 949 quaedanr

206 951 430 1039 exceptiones,
445 976 524 1041 quas
538 954 572 1019 in
586 955 708 1020 schoiio
727 975 744 1018 2
760 955 944 1036 adjecimus.
960 953 1127 1018 Nimirum
1137 949 1218 1015 cxci-

207 1040 298 1127 pitur
326 1052 370 1105 1⁰.
387 1044 453 1128 jus
478 1045 680 1131 hypothecae.
704 1043 899 1133 Hypotbeca
923 1043 1010 1108 enim
1036 1065 1103 1106 non
1123 1039 1218 1104 tradi·
1307 1109 1308 1122 ,

206 1139 265 1192 tur
287 1129 460 1210 creditori,
483 1145 520 1224 ut
541 1133 602 1196 alia
623 1134 784 1220 pignore,
805 1133 860 1197 sed
884 1137 991 1220 pacto
1004 1131 1038 1196 id
1060 1132 1113 1217 jus
1133 1130 1167 1194 in
1187 1149 1218 1192 re
1307 1131 1308 1184 i

209 1219 426 1298 constituitur.
443 1222 583 1285 Ettunc
599 1223 738 1287 creditor
749 1221 845 1285 habet
859 1223 1021 1286 actionem
1037 1219 1155 1285 realem
1165 1216 1219 1282 ad-

206 1326 318 1375 versus
344 1331 585 1398 quemcumque
616 1332 846 1398 possessorem,
867 1309 1016 1397 quemvis
1047 1325 1220 1394 numquam

206 1417 279 1498 rem
299 1397 452 1464 traditum
477 1401 636 1489 acceperit
658 1400 709 1465 vel
733 1399 925 1489 possederit,
947 1398 969 1464 l.
1001 1421 1039 1477 r,
1054 1422 1109 1487 pr.
1118 1394 1164 1488 ff.
1185 1393 1224 1460 dc

199 1497 381 1572 pegmoct.

213 1635 215 1642 ,
256 1582 300 1638 2⁰.
324 1575 508 1642 Servitutes
531 1579 711 1666 negotiose.
736 1575 911 1642 servitutes
935 1587 1012 1642 sunt
1029 1576 1104 1662 jura
1124 1599 1134 1638 s
1154 1572 1221 1658 jura

208 1673 286 1732 runt
307 1685 357 1728 res
377 1665 606 1753 incorporales.
631 1667 694 1732 Hae
716 1665 847 1756 proprie
867 1687 936 1730 non
956 1663 1154 1744 traduntur,
1175 1659 1224 1726 sed

207 1751 301 1838 quasi
324 1754 522 1834 traduntur3
546 1778 619 1842 quae
644 1755 734 1843 quusi
758 1753 888 1820 traditio
911 1754 1057 1819 consistit
1078 1755 1113 1819 iu
1138 1750 1225 1815 unius

207 1842 364 1908 exercitio
379 1855 411 1907 et
425 1845 576 1930 patientie
600 1845 739 1909 alterius.
759 1845 798 1909 E.
815 1866 847 1931 g.
863 1844 974 1932 siquis
987 1844 1072 1908 mihi
1089 1837 1225 1931 promisit
1308 1867 1309 1900 ι

207 1931 488 2017 θετνίωῐθιηινὶω,
501 1943 533 1998 et
545 1933 659 1998 deinde
672 1953 734 2020 ego
747 1955 785 1998 eo
795 1933 946 2012 ,ambulo
958 1982 968 2012 ,
982 1955 1065 2020 ego,
1077 1931 1161 1996 veho
1173 1947 1225 2016 per
1308 1907 1309 1994 i

208 2018 278 2104 ejus
294 2019 455 2101 fundum,
470 2031 503 2086 et
516 2022 570 2086 ille
593 2022 716 2112 patitur
735 2021 770 2086 id
790 2022 881 2102 fieri,
904 2033 984 2086 tunc
1003 2020 1096 2108 quasi
1116 2015 1224 2082 tradita
1308 2001 1309 2042 ¹

208 2121 256 2174 eet
271 2109 353 2176 mihi
372 2111 529 2190 servitus,
551 2111 575 2174 L
598 2111 659 2176 ult.
668 2111 716 2201 ff
740 2111 781 2176 de
800 2134 886 2176 cerv.
904 2113 927 2175 l.
945 2110 1006 2176 ult.
1018 2109 1068 2199 ff
1089 2107 1131 2174 de
1145 2127 1224 2170 cero.
1308 2119 1309 2130 ¹

205 2200 318 2284 proed.
335 2211 419 2265 rust.
436 2197 487 2264 At
499 2199 533 2264 id
550 2211 682 2266 tentum
694 2221 809 2266 vuum
819 2211 868 2264 est
878 2200 916 2264 de
928 2198 1133 2266 servitutibus
1145 2193 1226 2260 offir-

210 2287 361 2368 mativis,
388 2289 488 2355 veluti
511 2289 648 2370 itinere,
671 2301 768 2366 ectu,
796 2289 873 2367 vie,
896 2289 1085 2365 luminum,
1108 2283 1224 2351 stiilioi-

213 2374 277 2454 dii,
293 2387 356 2440 etc.
373 2375 422 2442 At
435 2378 593 2464 negativas
607 2400 666 2467 pec
679 2401 790 2443 rerum
807 2389 959 2442 naturam
972 2399 1032 2442 nec
1051 2374 1157 2455 tradi,
1171 2392 1226 2437 neo

206 2464 300 2550 quasi
314 2465 398 2530 tradi
413 2479 554 2554 possunt.
578 2468 617 2531 E.
640 2489 673 2553 g.
695 2468 722 2532 si
739 2467 793 2533 cui
809 2465 943 2555 promisi
957 2465 1167 2542 seruitutem,
1188 2481 1226 2526 ne

209 2551 307 2618 altius
326 2554 440 2619 tollam
457 2555 559 2636 ades,
584 2567 663 2620 tunc
682 2577 743 2622 nec
764 2555 889 2622 tradere
905 2556 935 2620 ei
955 2555 1137 2643 quidquam
1157 2571 1226 2640 pot·

188 2681 189 2685 =
207 2663 298 2723 sum,
312 2663 373 2707 uec
388 2643 472 2732 peti,
488 2644 570 2710 atter
586 2646 683 2712 etiam
698 2645 780 2710 nihil
797 2665 947 2711 exercere
961 2655 1082 2734 potest,
1100 2641 1154 2707 sed
1165 2637 1227 2703 sola

205 2733 360 2823 pactione
379 2732 443 2798 hoo
459 2733 512 2818 jus
531 2734 565 2802 in
584 2757 620 2799 re
637 2733 859 2814 constituitur,
875 2733 1020 2822 adeoque
1037 2733 1107 2797 solo
1126 2728 1226 2794 titulo.

207 2821 257 2887 δ’.
271 2821 341 2888 Res
358 2821 468 2886 tribus
472 2822 621 2905 judiciis
635 2823 808 2891 diuisoriie
822 2821 1041 2907 adjudicatos.
1062 2821 1126 2887 Has
1144 2817 1226 2884 euim

207 2910 318 2976 stetim
336 2921 509 2999 postquem
523 2911 715 2998 adjudicatae
724 2963 734 2994 ,
756 2935 837 2978 mese
856 2911 963 2992 fiunt,
984 2909 1134 2999 quamvis
1147 2925 1227 2971 nou·
1309 2925 1310 2946 ¹

210 2999 293 3066 dum
313 3000 450 3065 traditae.
470 3002 555 3066 Sunt
571 3014 678 3066 eutem
693 3002 814 3087 judicia
834 3001 889 3066 iile
911 2999 1082 3080 divisoria,
1103 2994 1228 3065 tamdiae

208 3089 428 3170 erciscundae,
447 3086 617 3156 communi
636 3091 838 3170 dividundo,
858 3089 974 3155 finium
994 3087 1228 3175 regundorum·
1309 3129 1310 3144 .

210 3178 300 3262 Ergo
312 3179 340 3243 si
353 3179 522 3260 coheredi,
534 3180 586 3245 rel
600 3179 813 3259 condomino,
825 3177 994 3268 ve12vioiuo
1002 3175 1180 3266 quidquam
1190 3189 1230 3235 ex
1308 3147 1310 3262 i

208 3263 263 3334 his
274 3265 403 3352 judiciis
418 3269 644 3352 adjudicetur,
661 3268 702 3334 ad
716 3291 768 3334 eos
781 3267 890 3334 stetim
903 3267 1017 3332 transit
1030 3261 1227 3340 dominium,

211 3355 488 3440 §.attractata
502 3357 558 3459 off
567 3359 653 3444 jud.
675 3359 789 3444 Vulgo
811 3355 1054 3436 stromoncort,
1074 3365 1107 3419 et
1128 3351 1163 3417 in
1183 3349 1228 3414 his

207 3444 309 3508 Duus
321 3445 512 3524 Ludoviei‚
526 3446 558 3509 rd
573 3439 680 3512 valere
693 3445 880 3512 existimant
891 3447 926 3512 in
941 3442 1091 3512 omuibus
1104 3436 1229 3526 adjudi·
1309 3469 1310 3496 t

213 3533 423 3600 canonibus:
444 3533 498 3598 sed
519 3534 552 3598 id
571 3555 757 3600 erroneum.
774 3536 863 3600 Nem
881 3535 927 3621 (a)
940 3535 971 3620 Β.
995 3533 1057 3599 ult.
1080 3529 1169 3596 Ince.
1189 3525 1229 3590 de
1251 3549 1254 3556 ’

214 3619 361 3712 offijud.
378 3643 525 3710 expresse
538 3634 669 3688 tentum
685 3625 725 3689 de
741 3622 917 3690 tribus'itlis
932 3621 1066 3708 judiciis‘
1077 3611 1229 3684 divisoriic

206 3711 381 3798 doquitur,
403 3733 469 3775 non
493 3723 602 3777 autem
621 3713 662 3778 de
680 3713 819 3802 reliquis.
836 3711 882 3801 (b)
903 3710 937 3778 si
958 3714 1065 3778 omnis
1081 3701 1229 3774 sententia

13 3865 15 3880 ,
98 3806 101 3812 '
214 3801 397 3888 judicisjus
418 3799 454 3864 in
476 3791 512 3866 ie
534 3801 713 3890 tribueret,
737 3803 897 3868 sotionem
917 3799 1053 3888 judicati
1074 3797 1230 3890 oporteret

13 3899 14 3906 ’
216 3912 281 3976 esse
302 3891 465 3958 actionem
479 3891 618 3977 realem,
633 3913 737 3981 quum
750 3897 860 3959 tamen
879 3889 1051 3960 manifesto
1063 3881 1231 3980 personaht
