2646 4496
199 355 265 430 244
315 421 319 430 ,
454 354 624 422 meur
647 357 685 440 1,
712 357 820 424 mr.
843 353 969 424 XIII.

195 487 297 552 usque
317 463 359 530 ad
374 462 457 532 Vll.
474 464 601 530 Deinde
620 466 769 532 homiues
783 465 837 530 elii
851 479 944 534 erunt
965 466 1017 533 vel
1036 467 1092 532 rui
1104 464 1209 545 iurr'e,

195 556 248 622 vel
270 554 384 618 alieno
392 553 476 635 juri
492 553 643 637 ruly‘ecti.
666 556 735 641 Qui
752 555 857 622 alieno
869 555 936 641 juri
958 555 1212 641 subjectiorem,

195 644 249 709 vel
263 644 297 707 iu
314 641 490 708 dominico
502 653 688 730 potertute,
711 645 751 710 de
766 667 830 732 qua
850 655 961 710 actum
982 647 1031 711 tir.
1049 645 1149 726 VIII,
1164 645 1212 710 vel
1246 697 1249 710 .

194 733 231 800 in
244 732 366 817 patrio
375 741 561 818 potestate,
576 733 616 798 de
630 756 695 820 qua
709 757 729 798 a
746 733 793 798 tit.
810 733 889 813 IX,
904 757 1005 820 usque
1018 734 1060 797 ad
1071 733 1119 797 u‘t.
1134 733 1211 798 Xll.

196 821 273 888 Jum
288 842 389 909 porro
404 820 557 886 dominer
576 821 632 886 oui
641 823 737 913 jurio
752 823 804 891 vel
817 833 894 886 sunt
911 824 946 886 in
968 823 1097 900 tutelo,
1112 822 1162 888 vel
1179 821 1214 886 in

193 911 371 976 remotione
378 959 390 990 ,
408 909 459 974 vel
474 920 595 974 neutro
603 909 690 992 jure
711 922 873 977 tenentur.
884 912 979 979 ›Hino
994 911 1064 1000 jam
1077 909 1214 998 sequitur

190 998 327 1064 materia
343 999 472 1084 elegans
491 1019 524 1062 et
541 1021 618 1064 vere
635 1001 798 1087 practice,
815 999 854 1064 de
876 1001 983 1065 tutela
1002 1011 1034 1065 et
1055 999 1213 1064 ourotela.

189 1089 233 1154 Et
248 1087 380 1176 quidem
393 1087 634 1164 consideratur,
661 1096 704 1154 ιο.
753 1087 808 1155 uid
828 1089 868 1154 sit
888 1089 1014 1154 tutele?
1033 1089 1100 1154 Tit.
1119 1087 1213 1154 Xlll.

193 1185 239 1244 2⁰.
257 1176 450 1265 Quotuplex
464 1176 530 1240 sit?
545 1177 611 1240 Tit.
628 1175 740 1244 XIV·
781 1175 827 1242 X.
845 1179 889 1242 5⁹.
906 1176 1005 1262 Quod
1021 1178 1061 1241 sit
1075 1187 1215 1242 luterum

190 1263 363 1332 officium?
387 1264 456 1330 Tit.
485 1257 589 1329 XXI.
617 1264 668 1330 4⁰..
692 1265 782 1351 Quid
809 1268 981 1332 curetela?
1005 1267 1073 1332 Tit.
1100 1265 1214 1332 XXII.

194 1357 240 1422 5⁰.
258 1353 435 1442 Quomodo
449 1353 549 1418 tutele
564 1366 596 1418 et
610 1361 751 1423 curatela
767 1355 917 1439 liniatur,
929 1355 997 1424 Tit.
1009 1353 1155 1440 XXIII,
1167 1375 1216 1418 us·

190 1467 255 1534 que
267 1445 310 1509 ad
322 1442 424 1508 finem
440 1442 538 1532 hujus
550 1443 638 1508 libri.

619 1605 651 1690 e.
676 1604 798 1672 cc11.
957 1653 1041 1730 W,
1061 1639 1084 1702 ὁ

235 1769 263 1834 Ι.
282 1765 373 1853 Quid
389 1763 429 1834 sit
447 1763 572 1828 tutela?
590 1764 658 1830 Tit.
673 1763 775 1830 XIII.
797 1763 921 1830 Tutela
937 1775 984 1830 est
999 1762 1085 1851 juris
1097 1774 1245 1857 naturaei

186 1871 221 1927 et
240 1857 399 1946 gentium.
420 1853 556 1919 Iutereet
569 1853 659 1920 euim
673 1852 881 1941 reipublicae,
905 1853 1039 1920 Interest
1055 1852 1220 1918 eoeieum

190 1951 346 2017 lulmenae
356 1993 365 2026 ‚
385 1955 443 2022 ut,
470 1941 528 2030 qui
540 1963 574 2008 ee
599 1942 684 2030 ipsos
698 1963 811 2028 regere
825 1953 857 2008 et
873 1943 957 2008 tueri
974 1965 1043 2008 nou
1067 1953 1217 2032 possunt,

126 2075 128 2079 ’
189 2039 240 2106 illi
263 2037 368 2102 alieno
388 2031 512 2096 auxilio
531 2043 698 2117 regentur.
723 2033 812 2096 Hinc
837 2053 904 2096 uon
926 2032 1026 2098 m'odo
1053 2031 1217 2110 Romani,

190 2127 246 2206 sed
260 2138 292 2192 et
308 2121 440 2202 Greci,
458 2121 527 2185 imo
547 2140 659 2184 omnes
677 2120 815 2194 omnino
831 2131 960 2224 gentes,
974 2121 1043 2186 oola
1062 2123 1151 2190 reete
1166 2141 1218 2185 re·

188 2218 279 2282 tione
304 2213 407 2290 duee,
433 2219 555 2274 tutores
575 2209 812 2275 conelitueruut
828 2209 889 2292 ire,
912 2209 1030 2297 quibus
1052 2218 1220 2300 opuserat
1243 2281 1246 2292 Ι

187 2306 330 2382 eliorum
345 2300 482 2364 tuitione
495 2309 528 2363 et
543 2297 678 2363 auxilio.
690 2299 733 2362 Et
743 2297 876 2386 quidem
890 2299 980 2385 quod
993 2299 1036 2366 ad
1052 2296 1218 2366 Romanos

187 2394 320 2472 attinet,
333 2389 383 2454 illi
400 2387 620 2478 prmfioiebuut
635 2399 756 2453 tutores
776 2395 819 2452 ιο.
836 2386 1073 2475 impuberibus
1090 2389 1142 2454 vel
1149 2411 1221 2476 pu·
1238 2399 1251 2486 Ι

136 2553 138 2556 ,
182 2482 293 2574 pillis.
311 2478 351 2544 In
366 2477 428 2542 hac
442 2475 531 2556 enim
546 2487 638 2542 aetete
652 2488 721 2542 tem
736 2476 909 2544 infirmum
921 2487 954 2541 et
970 2477 1140 2544 lubricum
1158 2497 1219 2544 esse

189 2572 272 2642 solet
292 2566 471 2634 hominum
485 2564 668 2652 judicium,
684 2578 722 2630 ul
743 2561 836 2631 facile
857 2564 978 2654 possim
996 2564 1083 2648 labi,
1098 2563 1222 2670 decim,

191 2641 243 2730 ris
256 2681 328 2724 sues
337 2653 533 2760 prodigere,
549 2655 610 2722 uisi
629 2655 670 2720 ab
689 2655 759 2722 ollio
775 2666 943 2743 regentur.
963 2653 1054 2722 Nota
1073 2667 1150 2723 eunt
1168 2653 1220 2722 rlle

191 2747 325 2828 Horatii
335 2769 371 2812 m
381 2757 444 2810 art.
457 2755 544 2834 poet.

275 2903 420 2963 Imberbls
434 2889 557 2976 juvenis¹
569 2900 689 2958 tandem
703 2901 827 2959 custode
841 2911 958 2958 remoto

225 3008 228 3018 ·
275 2987 393 3044 Gaudet
404 2984 488 3060 equis
500 2983 681 3059 canibusque
692 2993 721 3039 et
735 2984 826 3058 aprici
838 2983 970 3060 gramine
988 2983 1108 3060 campi,

274 3067 427 3128 Ceremin
440 3065 547 3124 vitium
559 3063 656 3132 flecti,
673 3064 872 3124 monitoribus
884 3081 981 3139 asper·

195 3217 274 3285 Jem
296 3214 390 3280 deme
411 3209 462 3276 his
479 3201 631 3276 omuibus
649 3220 794 3290 tutores,
812 3221 845 3274 et
863 3207 995 3276 frenum
1011 3209 1121 3278 demes
1142 3232 1223 3300 equo

191 3305 293 3374 feroci
314 3331 323 3367 r
345 3302 386 3366 da
410 3299 486 3388 ipsis
511 3297 716 3380 libertatem,
742 3311 774 3365 et
797 3297 942 3386 gladium
974 3299 1065 3366 debis
1090 3299 1221 3368 furioso.

193 3398 289 3486 Opus
307 3412 386 3477 ergo
400 3385 533 3477 pupillis
553 3386 614 3452 erit
632 3387 802 3452 tutoribus.
827 3397 871 3452 2⁰.
892 3388 1061 3454 Feminie.
1083 3390 1173 3456 Nam
1185 3389 1224 3452 ‘et
1238 3420 1249 3439 ιε

194 3487 249 3553 hio
265 3503 360 3550 sexus
371 3475 493 3562 fragilis
508 3487 554 3541 est
563 3525 574 3558 ‚
589 3475 718 3542 varium
730 3489 761 3541 et
777 3475 934 3542 mutabile
948 3498 1076 3566 semper
1088 3475 1221 3556 femina,

195 3573 289 3640 facile
308 3567 414 3655 deripi
427 3586 459 3630 se
472 3564 594 3654 petitur
603 3613 613 3645 ,
628 3565 792 3644 maxime,
805 3566 832 3630 ei
850 3587 917 3630 nox
932 3578 964 3630 et
981 3589 1075 3632 umor
1095 3567 1222 3633 vinum·

198 3685 261 3752 que
278 3657 361 3724 nihil
376 3654 574 3720 moderabile
592 3654 738 3720 suadent.
761 3654 926 3720 Volebam
939 3655 1047 3744 imque
1062 3653 1222 3732 Romani,

194 3765 233 3820 ut
247 3747 397 3816 mulieres
410 3757 512 3814 essent
524 3743 584 3811 sub
599 3743 697 3809 tutela
712 3743 944 3834 proximorum
957 3755 1166 3832 agnatorum.
1181 3745 1224 3810 Et

196 3843 233 3908 in
254 3862 293 3906 eo
314 3835 447 3924 quidem
467 3833 690 3900 deterioretur
704 3835 881 3898 mulierum
901 3855 1002 3918 quam
1024 3833 1222 3924 pupillorum

195 3928 354 4010 conditio,
368 3924 456 4016 quod
464 3973 475 4009 ,
491 3946 569 3992 cum
580 3921 628 3990 ei*
633 3921 770 4014 puberes
784 3921 862 3989 faeti
876 3923 976 3990 tutele
992 3923 1221 4002 liberarentur,
