2710 4504
121 278 1147 324 w:

310 459 962 596 Pannontruu.

1 1001 2 1006 Ἰ
107 889 139 974 I.
159 865 252 980 Ex
279 924 362 998 quo
389 899 498 998 apud
524 925 597 976 nos
619 900 848 978 instauratae
871 911 971 978 'sunt
997 899 1150 977 Scholae
1182 969 1186 976 .

1 1029 2 1034 ’
104 1013 243 1106 Juris,
271 1014 567 1106 Hemecoluu,
593 1017 742 1090 caeteris
770 1018 1003 1092 auctoribus
1030 1015 1147 1114 longe

1 1161 2 1226 3
109 1134 324 1224 praestare,
346 1128 548 1204 invaluit:
565 1141 605 1204 et
621 1129 962 1226 quemadmodum
987 1131 1032 1206 in
1057 1156 1150 1206 om-

109 1242 238 1316 nibus
267 1242 494 1318 Germaniae
529 1243 778 1342 Bataviaeque
809 1245 1151 1322 Universitatibus

108 1356 297 1431 maximo
313 1357 456 1452 plausu
471 1355 602 1430 fuerat
622 1368 837 1453 exceptus;
862 1359 919 1432 ita
939 1371 979 1433 et
1005 1357 1149 1432 eod'em

109 1467 251 1544 favore
274 1469 388 1544 huno
410 1469 610 1564 prosecuti
638 1481 754 1562 sunt,
774 1472 908 1546 nostra
925 1471 969 1545 in
990 1470 1150 1564 Gallia,

111 1608 255 1656 ornnes
278 1585 300 1658 J
304 1583 386 1656 uris
405 1583 583 1678 Romani
610 1585 886 1661 Antecessores
904 1585 984 1685 (1),
1007 1583 1152 1659 tironi·

109 1695 271 1793 busque
296 1695 617 1794 proposuerunt,
644 1699 758 1792 cujus
778 1700 800 1772 d
821 1699 999 1795 scriptis,
1018 1693 1149 1774 'veluti

77 1888 82 1893 ,
108 1811 134 1882 e
156 1811 376 1884 certissimo
396 1809 525 1903 fonte,
539 1810 672 1909 prima
691 1813 824 1886 omnis
844 1813 1051 1888 Doctrinae
1069 1837 1147 1890 ru-

1 1919 2 1924 ’
110 1914 297 1998 dimensa
313 1924 536 2002 haurirent.

171 2129 220 2204 II.
231 2128 475 2226 Atpraeolari
484 2127 593 2204 illius
603 2127 871 2205 Antecessoris
880 2152 1025 2227 opera,
1039 2126 1149 2227 apud

109 2253 271 2319 exteros
286 2245 393 2340 typis
413 2243 625 2334 mandata,
642 2243 738 2318 edm
760 2243 839 2338 jam
860 2243 906 2316 in
928 2241 1060 2317 Gallie
1079 2269 1149 2317 ra-

1 2389 2 2394 *
108 2357 225 2432 riora
239 2357 326 2430 fieri
344 2358 552 2458 coepissent
565 2411 576 2448 ,
592 2359 682 2432 tum
695 2382 743 2430 eo
757 2358 913 2431 stabant
927 2357 1084 2453 pretio,
1097 2367 1159 2452 ut

1 2481 2 2484 ’
108 2471 184 2546 illa
203 2471 277 2546 sibi
293 2472 455 2546 nonnisi
475 2469 636 2545 difficile
656 2495 890 2570 comparare
910 2469 1062 2574 possint
1079 2472 1150 2546 Ju·
1240 2465 1243 2472 ’

1 2629 2 2632 ¹
107 2586 167 2661 ris
183 2584 358 2660 studiosi.

169 2699 503 2792 Rnorrartones,
522 2698 633 2774 verbi
649 2698 773 2798 gratia
783 2755 795 2792 ‚
814 2701 997 2776 maximo
1017 2699 1147 2775 vaeni-

1 2871 2 2908 1
107 2813 213 2903 baut
225 2814 380 2909 pretio,
400 2813 585 2910 quamvis
601 2812 726 2888 editio
742 2811 916 2911 vulgaris
926 2814 1066 2890 ohartd
1080 2813 1149 2888 vi·

105 2925 207 3004 liori
222 2937 262 3000 et
277 2926 435 3002 mendis
454 2925 655 3004 laboraret
671 2925 993 3026 quamplurimis.

167 3132 234 3208 ΠΙ.
263 3131 479 3224 Praeterea,
498 3130 757 3206 HnmEccws
779 3126 942 3229 singulis
965 3130 1028 3205 sui
1054 3155 1151 3228 ope-

103 3248 166 3326 ris
186 3245 315 3322 titulis
332 3246 377 3320 in
396 3243 478 3320 fine
502 3243 709 3319 addiderat
730 3243 911 3321 sedulam
932 3245 1040 3320 luris
1066 3245 1149 3320 Ro·
1226 3303 1228 3308 ,

155 3487 210 3579 (ι),
221 3491 267 3556 Et
280 3487 444 3578 imprimis
458 3467 592 3554 tloaiss.
606 3488 658 3553 vir
669 3489 905 3569 Baranam,
922 3487 998 3575 qui,
1012 3489 1046 3556 in
1062 3489 1150 3556 elma

1 3585 2 3592 ’
104 3577 280 3650 Parisiensi
299 3577 468 3644 Facultate
494 3578 625 3642 lurium
647 3577 843 3643 Antecessor
867 3578 1148 3659 consultissimus,

104 3670 212 3736 nostri
226 3661 363 3734 Autoris
377 3667 562 3732 Elementa
576 3663 763 3732 secunddm
779 3665 935 3732 ordinem
945 3668 972 3732 I
970 3670 1149 3736 restitutio-

103 3783 197 3826 num
204 3807 217 3844 2
231 3755 492 3846 praelectionibus
509 3751 638 3822 eximiis
655 3755 847 3844 explanavit
857 3805 867 3838 ,
885 3769 917 3821 et
936 3756 1025 3824 idem
1045 3781 1128 3848 opus
1136 3797 1153 3838 ,·

102 3845 310 3917 auditoribus
323 3845 402 3934 suis,
416 3845 611 3918 inversione
625 3845 752 3913 Gallict
771 3846 954 3938 proposuit.
