2644 4504
178 301 246 386 278
438 305 670 392 ursuni,
696 309 950 378 'r1r.xx1.

175 413 282 502 udqu.
306 413 377 478 ter.
400 413 508 502 Atqui
531 417 676 504 obligare
695 441 729 484 se
750 442 820 486 uon
842 443 933 508 posse
952 417 1113 508 pupillum
1132 417 1195 486 rino

176 503 294 568 tutoris
306 503 515 582 auctoritate,
531 507 675 572 diximus
688 509 730 574 ad
743 510 775 594 ς.
793 512 868 573 251.
885 518 930 578 2⁰·
950 509 1064 581 Aditio
1077 508 1197 578 heredi·

97 591 436 660 «tatiseratactm
449 595 632 681 legitimus,
647 597 670 662 l.
684 618 752 684 77,
756 597 805 687 ff
819 598 862 664 de
877 599 922 667 lt
939 599 976 664 l.
992 598 1197 684 Atquiactus

175 679 315 766 legitimi
329 683 488 770 explicari
502 707 522 750 a
537 687 664 774 pupillo
676 709 745 754 uon
763 699 915 776 poterant
931 689 1001 754 sine
1013 685 1197 756 auctoritate

175 773 311 852 tutoris,
328 771 352 835 l.
369 794 427 856 19,
431 771 479 861 ff
492 775 526 838 lt.
542 785 567 838 t.
582 775 673 862 Ergo
686 799 769 866 opus
781 789 851 844 erat
864 777 899 844 in
913 775 1063 842 adeunda
1076 773 1199 844 heredi·

176 869 243 928 tate
257 861 449 928 auctoritate
462 864 588 930 tutoris.
602 866 647 950 Q.
662 867 704 936 E.
719 865 766 932 D.
1311 899 1312 903 ¹

217 1020 291 1076 Ju're
314 1031 438 1092 nostro,
455 1021 588 1098 pupillus
605 1023 797 1081 hereditatem
820 1023 875 1081 sihi
892 1023 1019 1084 delatam
1040 1022 1121 1084 adire
1142 1039 1202 1078 nou

177 1113 277 1175 potest
290 1123 298 1172 ;
315 1101 407 1158 immo
419 1123 473 1160 uec
485 1105 549 1176 ejus
566 1105 734 1173 tutor,nisi
749 1107 925 1164 auctoritate
943 1105 1057 1162 consilii
1070 1101 1180 1162 familie
1193 1122 1201 1172 3

179 1182 272 1239 immo
285 1185 524 1242 necauctoritnte
541 1186 611 1256 int,
628 1187 685 1243 uisi
698 1187 739 1244 ita
758 1189 974 1264 conceptasit,
992 1199 1027 1243 nt
1044 1187 1130 1241 adeat
1147 1183 1201 1240 sub
1309 1250 1313 1263 Ι

176 1263 337 1320 inventarii
357 1265 508 1322 beneficio.
533 1283 588 1324 art.
608 1268 672 1326 461.
706 1269 841 1338 Pariter,
863 1269 995 1344 pupillus
1016 1267 1205 1324 hereditatem
1311 1277 1312 1298 ³

178 1345 337 1420 repudiare
350 1366 413 1404 nou
424 1361 541 1423 potest3
563 1370 617 1406 uec
629 1363 714 1408 tutor
724 1350 788 1424 ejus
800 1391 809 1420 ,
830 1351 887 1410 nisi
903 1363 938 1408 ut
958 1349 1070 1406 dietim
1088 1360 1131 1404 est
1144 1389 1153 1416 ,
1165 1347 1204 1406 iu

177 1429 296 1484 volente
316 1429 347 1484 id
365 1430 487 1487 oonsilio
505 1431 631 1488 familiae.
644 1433 747 1505 Quin;
765 1453 802 1490 eo
814 1433 901 1489 etiam
919 1452 1012 1498 casu,
1030 1429 1206 1488 hereditesi

177 1519 278 1566 tutore
295 1511 402 1586 pupilli
420 1513 577 1586 repudiata
595 1515 735 1584 nomine,
755 1517 793 1572 ab
806 1515 910 1572 ecdem
925 1527 1026 1572 tutore
1041 1533 1112 1574 cum
1125 1510 1201 1570 ncrl

178 1593 412 1656 auctorisatioue
424 1595 595 1670 menperari
605 1610 705 1673 potest
714 1599 746 1656 in
757 1599 862 1674 speeie.
888 1611 943 1656 art.
953 1596 1017 1657 tos.

466 1755 499 1840 ς.
522 1753 688 1822 ccciv
709 1768 743 1821 et
763 1755 915 1828 conv.

220 1923 373 1990 Tertium
393 1927 526 1991 axioma
545 1936 592 1991 est
608 1953 618 1990 e
642 1926 753 1992 Tutor
767 1928 1053 1992 auctoritatem
1070 1922 1205 2011 supplet

163 2012 345 2100 judicium
351 2015 494 2102 pupilli.
508 2015 589 2080 lnde
603 2016 711 2080 denuo
721 2017 820 2080 variae
831 2015 1063 2080 conclusiones.
1082 2023 1125 2077 1⁰.
1140 2013 1205 2078 'I'u-

175 2113 229 2167 tor
244 2101 313 2167 lieri
333 2125 400 2168 nou
413 2115 519 2192 potest
531 2116 646 2168 auctor
659 2107 694 2168 in
711 2128 782 2170 rem
796 2127 906 2186 suam,
921 2107 953 2190 ς.
965 2107 1007 2184 3,
1023 2105 1115 2168 Just.
1131 2102 1164 2166 h.
1179 2111 1202 2164 t.

175 2193 200 2256 i.
215 2213 244 2255 e.
260 2213 328 2256 nou
344 2203 446 2281 potest
465 2203 557 2258 tutor
575 2193 781 2282 interponere
803 2195 1029 2259 auctoritatem
1047 2193 1085 2260 in
1106 2211 1206 2278 nego-

176 2280 239 2360 tio,
254 2281 342 2366 quod
356 2282 440 2348 inter
451 2293 594 2346 tutorem
609 2293 641 2347 et
653 2284 817 2372 pupillum
831 2283 1012 2348 intercedit.
1025 2281 1125 2346 Retio
1139 2281 1206 2345 haec

175 2380 224 2432 est
239 2393 249 2429 s
261 2370 357 2468 llum
371 2381 461 2436 tutor
474 2373 602 2524 supplet
612 2371 775 2460 judicium
788 2372 925 2464 pupilli,
939 2371 1007 2460 ipse
1018 2381 1051 2436 et
1062 2369 1209 2460 pupillus

179 2477 271 2543 quast
287 2479 391 2522 unam
404 2472 437 2522 et
453 2482 527 2524 eam
549 2483 603 2526 em
618 2483 790 2550 personam
805 2460 1017 2526 constituunt.
1037 2461 1117 2525 Una
1131 2481 1207 2548 per·
1309 2488 1313 2530 t

176 2567 256 2610 sona
274 2568 344 2612 non
366 2559 472 2634 potest
485 2547 597 2614 mcum
616 2551 683 2639 ipsa
701 2551 894 2617 contrahere
911 2573 921 2614 ε
939 2571 1018 2636 ergo
1037 2571 1100 2616 nec
1119 2559 1207 2612 tutor

99 2695 156 2720 ··=.
176 2657 256 2700 cum
274 2634 401 2724 pupillo
419 2636 485 2718 ita,
500 2651 537 2704 ut
554 2639 622 2728 ipse
639 2651 754 2704 auctor
768 2637 836 2708 fiat.
851 2637 906 2706 Ex
922 2661 962 2706 co
976 2661 1077 2729 porro
1097 2637 1209 2724 sequi·

177 2737 251 2804 tur,
272 2733 319 2790 2⁰.
334 2737 477 2792 tutorem
494 2751 513 2791 a
533 2729 660 2817 pupillo
674 2751 782 2812 emere
796 2752 865 2794 non
883 2750 991 2818 posse,
1008 2729 1032 2793 l.
1048 2725 1117 2807 43,
1132 2729 1207 2814 §.y‚
1308 2790 1313 2813 ,

166 2813 215 2904 ff.
233 2814 276 2880 de
298 2814 417 2881 Gontr.
440 2817 535 2882 Eme.
559 2817 613 2882 Sic
629 2819 718 2883 enim
735 2827 826 2883 tutor
844 2817 936 2884 fieret
952 2829 1068 2882 auctor
1081 2818 1117 2882 in
1136 2837 1207 2881 rem
1312 2829 1313 2882 3

177 2925 294 2983 suam,
316 2905 405 2991 quod
424 2903 495 2971 fieri
512 2929 581 2970 non
598 2930 687 2996 posse
708 2909 863 2972 diximus.
887 2905 1012 2974 Addita
1030 2919 1144 2972 tamen
1162 2915 1208 2971 est

176 2993 328 3082 exceptio
343 3020 352 3058 a
366 2996 460 3060 Posse
474 2996 632 3064 nimirum
648 3009 790 3062 tutorem
804 3019 875 3063 rem
888 3019 934 3086 pu
961 2996 968 3010 ‘
996 3018 1016 3061 c
1029 3017 1139 3062 emere
1150 2993 1208 3058 suh

178 3081 269 3151 hasta
278 3132 289 3164 ,
303 3083 326 3147 i.
346 3106 375 3148 c.
397 3084 446 3149 uti
463 3107 522 3150 nos
544 3086 730 3172 loquimur,
750 3086 796 3173 by
813 3085 915 3150 Budel
966 3085 1039 3167 old,
1054 3109 1115 3176 per
1135 3105 1210 3148 mc·
1314 3131 1315 3154 2

179 3171 260 3234 dum
279 3173 456 3254 auctionis,
474 3174 498 3240 l.
516 3181 541 3242 5
550 3224 563 3254 ,
588 3173 624 3240 C.
646 3176 688 3241 de
705 3185 812 3241 contr.
835 3186 915 3241 emt.
929 3175 1028 3240 Ratio
1049 3186 1114 3254 est,
1132 3173 1206 3260 quia

176 3257 222 3324 ibi
236 3260 309 3324 laedi
326 3283 394 3338 non
415 3275 518 3350 potest
536 3265 699 3352 pupillus,
720 3285 799 3330 cum
818 3265 961 3353 pretium
977 3263 1022 3328 ibi
1041 3287 1110 3332 non
1129 3283 1206 3326 con·

176 3349 329 3416 ventione
345 3351 540 3434 definiatur,
561 3353 616 3418 sed
639 3352 836 3435 licitatione,
858 3353 902 3418 ita
919 3365 957 3417 ut
979 3354 1053 3442 plus
1073 3349 1208 3418 licitanti

103 3430 146 3476 Ὗ
177 3457 305 3526 semper
321 3460 370 3503 res
384 3440 564 3505 addicatur.
582 3443 633 3506 5⁰.
655 3439 689 3506 si
712 3441 751 3507 lis
771 3443 895 3508 oriatur
915 3442 1001 3507 inter
1017 3443 1160 3508 tutorem
1175 3449 1207 3505 et
1314 3469 1315 3496 t

177 3527 344 3614 pupillum
357 3529 555 3615 ,pupillum
569 3531 720 3618 accipere
732 3531 850 3597 dehere
868 3531 1049 3620 specialem
1064 3542 1202 3598 curato-
1314 3611 1315 3624 χ

178 3639 253 3682 rem
267 3617 305 3680 in
319 3616 424 3681 litem.
441 3619 589 3706 Pupillus
602 3620 692 3684 enim
712 3621 803 3686 litem
823 3632 1004 3688 contestans
1019 3621 1108 3710 quasi
1127 3640 1204 3685 cou-
1314 3633 1315 3708 ᾗ

177 3704 301 3784 trahite
321 3705 376 3792 qui
398 3707 489 3792 quasi
507 3710 692 3790 contrahit,
715 3733 747 3776 se
762 3711 904 3797 obligata
922 3709 1065 3799 obligare
1086 3734 1120 3778 se
1138 3731 1203 3816 pu·
1314 3717 1316 3764 l

176 3793 272 3880 pillos
285 3816 352 3859 nou
365 3806 468 3883 potest
481 3796 549 3862 sine
559 3799 750 3865 auctoritate
764 3799 898 3874 tutoriss
912 3811 1003 3866 tutor
1012 3813 1122 3865 autem
1133 3794 1201 3864 heri

174 3904 243 3948 non
255 3887 406 3976 potestin
418 3907 489 3954 rem
502 3909 613 3972 surm5
626 3911 704 3978 ergo
715 3889 797 3956 alius
809 3889 933 3974 dandus
944 3889 1074 3986 est„qui
1088 3901 1200 3960 ructor
