2756 4504
344 305 417 372 uu
444 305 909 383 usucnrmnruus
1074 306 1138 398 407

113 401 221 462 sitione
229 405 361 482 ipsarum
370 433 471 474 rerum
481 417 622 494 usucapio
633 417 748 475 diversa
760 428 811 478 est.
823 431 878 477 an.
890 413 954 476 550.
965 414 1038 476 Vide
1049 417 1142 492 supra

113 499 174 570 νιος.
184 489 228 544 ad
236 490 264 568 ς.
275 490 352 572 376,
368 507 423 554 etc.

444 633 807 758 §.accessuris

159 793 316 866 Alterum
329 803 521 891 requisitum
536 815 583 869 est
586 805 710 894 justus
720 804 926 884 tinslua,i.e.
937 805 1143 886 taliscaussa,

111 887 1145 986 quassithabili'sadtranfercndumdominium‚etqualesdescrip·

112 976 215 1038 simus
227 1001 264 1040 su
290 1002 325 1044 ra
340 981 371 1066 5.
386 983 463 1070 339.
478 983 544 1049 Ubi
553 1005 633 1070 ergo
646 985 1009 1072 titulusquidemjustus
1016 978 1143 1061 erased

111 1001 436 1165 adttransierendum
453 1072 636 1137 dominium
658 1072 825 1155 inhabilis,
849 1074 988 1156 absurde
1007 1085 1142 1162 ageret,

112 1172 171 1236 qur
189 1156 353 1238 crederet,
372 1183 406 1227 se
425 1183 514 1250 posse
532 1181 604 1227 rem
620 1161 664 1226 ita
682 1185 854 1251 possessam
874 1183 1061 1252 usucapere.
1086 1162 1141 1227 Sio

108 1261 143 1304 e.
158 1261 191 1327 g.
202 1243 232 1308 si
245 1248 391 1314 conduxi
411 1251 515 1334 aedes,
535 1273 655 1339 easque,
663 1274 723 1340 per
741 1252 936 1316 decennium
953 1253 1039 1320 inter
1054 1273 1142 1340 pree-

110 1342 234 1430 aentes,
259 1335 311 1402 vel
330 1360 396 1428 per
418 1340 604 1406 vicennium
626 1341 878 1406 interabsentes
900 1341 1047 1430 possedi,
1071 1363 1143 1406 uon·

111 1417 185 1484 ideo
204 1417 249 1486 fio
264 1423 417 1510 dominus
429 1430 569 1512 aedium,
584 1429 659 1516 quis
677 1430 795 1495 locatio
814 1430 991 1498 conductio
1008 1452 1077 1495 non
1094 1441 1143 1494 est

112 1508 227 1573 situlus
242 1513 285 1578 ad
300 1513 560 1585 transferendum
575 1518 760 1584 dominium
777 1519 911 1600 habilis,
933 1517 1084 1607 quamvis
1094 1517 1141 1583 ‘in

112 1617 146 1660 se
165 1598 206 1664 sit
219 1599 426 1688 justissimus·
446 1607 500 1672 Ex
522 1630 589 1695 quo
607 1608 769 1696 sequitur,
790 1608 839 1698 (c)
861 1619 983 1673 utnon
1002 1606 1143 1674 sufficiat

19 1707 24 1718 ·
113 1705 205 1752 error
224 1690 302 1776 justi
322 1695 430 1779 rituli,
452 1718 481 1762 e.
504 1719 537 1784 g.
561 1696 588 1762 si
608 1697 759 1762 existimo
780 1717 834 1761 me
858 1696 981 1763 librum
1005 1697 1117 1762 emisse
1129 1745 1142 1778 ,

112 1795 214 1862 quem
235 1803 304 1847 non
324 1786 411 1865 emi,
432 1807 608 1875 usucapere
625 1809 694 1852 non
714 1807 863 1876 possum,
879 1785 902 1851 ἱ.
918 1807 960 1875 27
971 1835 983 1866 ,
995 1785 1043 1876 ff
1061 1787 1095 1852 a.
1114 1797 1141 1852 ι.

113 1863 161 1954 (b)
175 1867 223 1932 Ut
236 1893 304 1936 non
317 1873 457 1940 sufficiat
469 1887 656 1941 contractus
668 1875 848 1940 simulatus.
865 1873 906 1942 E.
923 1897 956 1964 g.
970 1875 1057 1943 inter
1068 1897 1143 1940 ma·

112 1954 215 2020 ritum
237 1971 270 2024 et
290 1984 430 2031 uxorem
445 1964 537 2030 nulla
560 1965 646 2032 valet
663 1964 820 2046 donatio,
843 1965 866 2029 l.
890 1988 924 2045 s,
934 1963 983 2055 ffi
1002 1964 1045 2031 de
1059 1964 1141 2030 don.

114 2046 205 2110 inter
220 2049 283 2114 vir.
296 2063 329 2116 et
343 2077 441 2120 uxor.
456 2053 492 2119 si
511 2073 590 2140 ergo
603 2055 740 2120 maritus
755 2053 908 2136 simulat,
922 2077 955 2122 se
975 2076 1044 2120 nou
1063 2053 1143 2119 dare

112 2135 230 2227 oxon,
249 2140 303 2204 sed
323 2142 479 2226 rendere,
495 2155 528 2208 et
540 2165 601 2232 pro
616 2143 740 2234 praedio
758 2143 800 2210 ab
822 2165 859 2209 ea
877 2143 1058 2234 accipituo
1079 2165 1142 2206 au-

111 2240 203 2308 reos,
218 2249 261 2292 an
280 2251 367 2296 uxor
385 2232 506 2322 poterit
527 2233 729 2322 usucapere?
750 2231 922 2322 Negatur:
941 2233 1018 2320 quia
1041 2233 1142 2297 emtio

111 2313 256 2382 venditio
269 2330 316 2384 est
330 2321 463 2408 quidem
472 2322 579 2410 justus
594 2321 726 2402 titulus,
744 2321 799 2387 ssd
820 2323 874 2388 hic
893 2343 961 2387 non
984 2343 1058 2388 vera
1072 2332 1142 2400 est,

111 2405 167 2478 sed
189 2408 341 2475 simulata
363 2412 463 2476 emtis
488 2421 521 2476 et
538 2411 575 2475 iu
597 2408 748 2478 fraudem
773 2411 851 2499 legis
877 2410 980 2491 inita,
1004 2431 1077 2498 qum
1099 2409 1142 2476 ad
1244 2413 1247 2419 '

111 2497 345 2587 usucapionem
359 2521 427 2563 non
440 2497 569 2565 sufficit.
587 2499 611 2564 l.
626 2523 659 2579 s,
675 2501 713 2569 C·
720 2499 806 2588 plus
820 2499 889 2567 vul.
900 2499 996 2590 quod
1009 2502 1140 2590 agitur.
1219 2557 1231 2585 χ

6 2607 8 2610 ·
112 2583 155 2672 (c)
182 2585 230 2652 Ut
251 2610 320 2652 non
337 2585 476 2654 sufficiat
492 2589 605 2654 titulus
620 2588 822 2656 revocabilis.
843 2587 956 2656 Donat
976 2589 1060 2654 mihi
1079 2588 1143 2654 ali-

112 2673 184 2760 quis
200 2677 314 2744 mortis
327 2699 436 2744 caussa
450 2678 608 2766 poculum
627 2689 836 2764 argenteum,
856 2677 954 2768 idque
971 2676 1055 2742 mihi
1075 2689 1144 2743 sta-

110 2765 173 2828 tim
191 2765 302 2832 tradit.
327 2763 422 2833 Vivit
446 2767 554 2834 adhuc
578 2765 717 2832 donator
744 2789 803 2856 per
825 2765 1088 2854 quinquennium
1110 2777 1144 2834 et

111 2853 254 2922 moriens
271 2855 335 2922 hoc
352 2854 461 2946 ipsum
481 2855 639 2946 poculum
659 2855 746 2941 legat
767 2854 868 2920 Titio.
890 2855 1080 2942 Quaeritur,
1099 2877 1144 2920 un

111 2965 172 3028 ego
193 2943 299 3010 dicere
316 2946 458 3034 possim,
479 2967 533 3012 me
556 2946 619 3010 hoc
663 2945 797 3010 oculum
817 2943 902 3010 bona
923 2943 988 3012 fide
1007 2955 1039 3010 ct
1055 2945 1144 3030 justo

112 3031 208 3098 tilulo
234 3033 321 3099 ultra
344 3033 523 3100 triennium
544 2967 735 3124 possedere,
754 3029 900 3124 adeoque
921 3032 1003 3100 illud
1026 3055 1147 3100 usuca-

111 3121 221 3274 pissei
235 3121 385 3277 Nessiw
404 3121 440 3188 in
461 3123 484 3188 l.
511 3123 570 3203 13,
590 3145 647 3216 pr.
660 3113 709 3212 ff
732 3119 774 3188 dc
794 3131 895 3188 mort.
916 3143 1042 3202 ¹creissac
1061 3121 1144 3188 dun.

134 3221 156 3274 n
167 3223 265 3277 recte.
336 3210 424 3276 natio
436 3211 526 3278 enim
537 3212 651 3278 mortis
665 3233 775 3276 caussa
788 3232 919 3302 semper¹
929 3222 1034 3300 potest
1045 3233 1145 3277 revo-

113 3299 200 3379 cari,
216 3299 360 3386 adeoque
383 3303 580 3392 usucapione
601 3301 695 3366 nullo
711 3299 811 3366 modo
831 3297 1034 3388 adquiritur,
1056 3297 1147 3388 quod

112 3388 355 3567 psqrtislpaupqla
376 3389 736 3488 donatum,ssquamdiu
752 3387 860 3454 adhuc
883 3386 965 3458 vivit
993 3387 1146 3456 donator.

128 3525 137 3544 .
179 3500 200 3543 ο
210 3527 222 3558 ,
264 3492 330 3572 .ε,“
351 3525 360 3544 .

152 3621 258 3677 iustus
275 3618 379 3679 titulus
397 3621 524 3698 erigitur
537 3613 800 3701 in'praes'criprione
818 3639 853 3680 so
864 3622 912 3680 vel
925 3639 1124 3690 aspanorum
1134 3663 1146 3691 ,

115 3701 192 3776 cod(
204 3700 285 3802 ξαρ.
300 3696 355 3841 qis.
369 3700 435 3762 sod5
443 3727 454 3781 ,·
472 3695 542 3762 uon'
552 3697 669 3762 veroin
680 3704 901 3784 praescriptione
916 3704 1038 3784 triginta
1049 3723 1148 3764 anno·

109 3802 193 3850 ,ruuu
206 3797 259 3844 art.
273 3803 305 3844 aa
327 3804 354 3843 a.

888 4001 984 4070 004
