2644 4504
270 365 335 438 538
547 363 1002 451 L1sun11‚r1T.r.

267 472 420 566 perendie
433 474 647 562 possessionis,
662 499 735 562 quoe
751 499 819 541 non
834 489 910 541 sunt
926 478 960 542 in
975 499 1066 555 rem,
1093 473 1144 542 sed
1157 473 1190 539 in
1202 493 1266 562 per·

268 587 400 644 sonam,
413 563 436 627 l.
444 585 487 714 ζ,
492 561 540 650 ff
555 564 596 628 cte
606 565 658 644 oi,
676 577 735 630 eto.
751 565 822 630 Neo
835 567 1004 632 interdicte
1019 565 1065 630 uti
1078 563 1228 654 possidetis
1241 572 1268 625 et

267 653 383 720 utrubi
404 673 443 717 ve
474 651 651 717 retinendae
672 654 870 742 possessionis
889 655 985 720 realis
1003 667 1088 720 sunt.
1112 654 1173 720 Hic
1191 649 1266 717 enim

224 796 230 820 ,
271 743 357 829 egit,
372 740 429 827 qui
443 740 590 828 possidet.
606 743 636 806 ls
647 753 756 808 autem
768 745 803 807 in
816 767 886 808 rem
900 763 995 831 agere
1008 744 1136 831 nequit,
1149 751 1268 830 proter·

271 828 571 920 quomunicoonsu,
582 853 699 918 nempe
714 833 840 897 actione
854 833 1037 920 negatoris,
1052 835 1082 918 5.
1099 855 1130 910 2,
1139 833 1221 896 Inst.
1234 828 1269 892 de

260 921 352 997 Act.
372 917 488 1003 Quum
500 919 617 1006 'itaque
634 920 724 984 nulla
738 921 843 1002 actio,
870 942 943 1008 quae
960 943 1003 988 ex
1017 921 1083 986 sole
1097 919 1269 1026 possesione

271 1010 389 1088 datur,
409 1006 528 1071 iurem
542 1007 598 1086 sit,
613 1005 707 1073 focile
719 1017 753 1073 et
764 1007 840 1076 inde
853 1021 960 1100 putet,
982 1029 1202 1098 possessionem
1213 1028 1269 1070 non

272 1120 337 1162 osse
348 1096 401 1183 jus
415 1095 450 1158 in
461 1117 507 1160 se.
520 1094 684 1160 Addimus
698 1109 831 1180 tumen,
851 1099 909 1164 lus
920 1099 1123 1164 Canonicum
1133 1100 1167 1162 in
1177 1115 1269 1160 caussa

271 1205 437 1263 esse‚·our
454 1195 505 1248 tot
528 1183 751 1250 iurisconsulti
768 1187 993 1274 possessionem
1015 1211 1078 1276 pro
1101 1188 1171 1273 jure
1194 1185 1224 1248 in
1241 1203 1291 1277 re4

273 1272 481 1358 venditarint.
503 1271 590 1337 Nam
613 1297 718 1360 quum
738 1275 817 1340 illud
840 1277 1001 1341 invexerit
1015 1276 1175 1342 actionem
1185 1285 1214 1337 et
1223 1292 1270 1335 ex-

272 1364 456 1451 ceptionem
466 1361 575 1448 spolii,
589 1373 622 1425 et
635 1374 770 1448 utraque
778 1356 876 1428 etiar'n
889 1365 982 1430 tertio
992 1367 1159 1453 possessori
1169 1361 1269 1440 obstet,

272 1475 341 1516 non
350 1462 483 1539 potuere
490 1471 559 1514 non
569 1451 799 1538 indecolligere
813 1453 831 1516 J
834 1453 1050 1534 urisoonsulti,
1066 1452 1269 1544 possessionem

273 1552 427 1606 staturam
438 1539 520 1623 juris
533 1541 567 1602 in
581 1561 616 1605 re
627 1539 775 1605 induisse.
796 1541 962 1608 Hactenus
972 1553 1059 1607 recte
1073 1542 1206 1607 ustiones
1215 1535 1269 1602 suls

273 1630 370 1695 duxit
385 1628 533 1692 Bornius.
548 1629 595 1694 As
609 1630 702 1692 nulls¹
713 1629 765 1694 isti
776 1630 849 1694 setis
865 1632 948 1713 juste
964 1629 1057 1695 fuisse
1077 1651 1183 1695 cauma
1200 1625 1270 1691 vide·

273 1729 346 1798 tur,
358 1716 499 1801 reliquas
510 1716 628 1806 species
637 1716 718 1803 juris
731 1717 765 1781 in
777 1719 866 1782 read
880 1741 985 1784 unum
1000 1717 1183 1783 dominium
1192 1714 1270 1781 redu·

273 1807 380 1872 cendi.
399 1805 489 1889 Quid
514 1807 603 1870 enim
620 1805 770 1894 proficiet
789 1807 864 1871 inde
885 1830 936 1873 urs
955 1819 1087 1888 nostra,
1107 1808 1133 1872 si
1153 1815 1270 1894 quatuor

273 1896 392 1984 species
415 1905 531 1960 natura
548 1917 605 1960 sua
625 1895 763 1960 diversas
780 1907 921 1982 quatuor
933 1916 996 1961 esse
1012 1917 1186 1982 negemus,
1203 1913 1269 1979 quo-

272 1985 365 2050 nium
385 1984 420 2047 in
440 2006 507 2046 uuo
532 1983 741 2048 conveniunt.
768 1984 870 2048 Nobis
894 2007 960 2049 uon
983 1985 1092 2074 placet
1116 1985 1270 2060 διχιτιμιῖι,
1310 2023 1311 2026 ¹

270 2075 415 2159 adeoque
424 2071 695 2136 consultissimum
707 2071 850 2154 videtur,
862 2086 1001 2159 quatuor
1009 2093 1198 2138 enumerare
1206 2065 1271 2156 juris

272 2163 309 2228 in
318 2185 352 2248 re
363 2161 500 2251 species,
515 2160 1044 2250 dominium‚juslrsreditarium
1053 2213 1065 2242 ,
1075 2163 1256 2227 servitutem
1263 2201 1272 2232 ,

268 2253 403 2338 pignus
409 2275 422 2324 ,·
442 2271 506 2337 que
518 2249 600 2314 inre
613 2250 763 2314 Huberos
773 2262 807 2315 et
818 2250 896 2316 alios
908 2251 1158 2317 iurisconsultos
1177 2245 1274 2313 doctis·

268 2342 368 2412 simos
384 2339 541 2404 habemus
554 2339 797 2406 consentientes.

313 2501 346 2560 Si
362 2512 498 2571 ¹nostrum
519 2501 690 2558 seutentiam
708 2501 739 2557 in
760 2501 890 2559 medium
909 2501 1043 2577 proferre
1059 2501 1193 2568 licuerit,
1212 2495 1278 2554 dioe-

271 2604 339 2642 mus
370 2589 439 2640 cum
460 2583 590 2652 Bomio,
609 2602 703 2639 unum
725 2601 786 2640 esse
808 2583 859 2656 jus
884 2583 915 2638 in
942 2602 975 2640 re
998 2603 1052 2657 per
1077 2579 1277 2643 excellentiam,
1308 2603 1309 2676 p

272 2665 399 2740 nempe,
420 2663 585 2722 dominium
601 2665 798 2740 proprietatis.
822 2666 933 2730 Caetere
951 2665 1028 2722 enim
1050 2666 1150 2722 omnia
1169 2661 1231 2737 iure
1253 2655 1277 2710 iu
1308 2683 1309 2724 l

274 2767 305 2806 se
319 2743 546 2821 complectitur3
567 2745 640 2802 adeo
662 2757 695 2802 ut
715 2744 770 2802 ista
793 2745 865 2800 nihil
885 2745 965 2802 uliud
984 2747 1043 2802 siut
1067 2749 1159 2822 quim
1176 2736 1279 2799 domnii

273 2828 441 2886 fractiones.
456 2828 503 2885 Sic
515 2847 545 2885 v.
557 2847 587 2906 g.
602 2827 727 2883 servitus
741 2825 847 2882 minuit
857 2825 907 2900 jus
925 2826 1038 2884 domini
1050 2827 1155 2902 prandii
1167 2822 1278 2882 servicu-

273 2912 312 2967 tis
330 2909 383 2985 qui
393 2907 455 2982 jam
466 2921 599 2965 nontam
612 2909 697 2982 plene
709 2908 901 2983 absoluteque
919 2907 1009 2982 hujus
1026 2908 1130 2984 praedii
1144 2917 1185 2964 est
1198 2899 1278 2961 domi-
1307 2957 1308 2970 ,

273 3013 352 3060 nus,
372 2991 423 3048 sed
446 3009 515 3047 cum
541 3009 629 3047 onere
654 2989 802 3046 servitutis
827 2993 858 3044 in
886 3007 921 3046 eo
949 2987 1102 3065 impositae.
1123 2989 1196 3046 Cdm
1221 2979 1277 3038 vell

273 3093 361 3150 pars,
372 3071 549 3147 plerumque
558 3083 696 3128 naturam
707 3071 798 3128 totius
808 3071 901 3146 sapiat
911 3089 989 3136 ,non
1001 3090 1078 3148 nego
1089 3069 1176 3126 etiam
1188 3059 1278 3135 ‚immi

173 3194 176 3198 -
273 3175 342 3214 cum
349 3154 502 3210 Heineccio
514 3155 609 3210 fateor
620 3193 629 3221 ,
641 3153 812 3220 servitutem
831 3171 892 3210 esse
908 3151 958 3225 jus
975 3150 1005 3208 in
1015 3171 1047 3209 re
1063 3153 1154 3227 iqui
1164 3148 1278 3206 debetur·

275 3239 313 3294 Et
326 3237 357 3292 in
372 3237 510 3304 summu,
527 3234 576 3307 jus
589 3233 620 3290 iu
633 3253 665 3290 re
683 3235 730 3290 vel
743 3234 907 3291 universale
925 3245 989 3303 est,
1009 3233 1108 3291 omnis
1128 3233 1158 3288 iu
1176 3249 1205 3288 se
1223 3226 1280 3300 jura
1306 3263 1307 3300 ;

274 3319 474 3390 complectens
493 3337 559 3390 quse
575 3312 611 3372 'iu
629 3335 691 3372 rem
710 3329 875 3390 competere
892 3327 1038 3391 possunt,
1057 3327 1087 3372 et
1108 3325 1179 3371 tunc
1197 3306 1281 3366 domi·

271 3401 359 3457 ,nium
376 3400 562 3472 appellatur,
577 3397 648 3456 cod.
663 3400 744 3473 Nap.
760 3412 814 3458 art.
829 3395 914 3466 544,-
933 3399 979 3454 vel
996 3395 1192 3472 particulare,
1210 3407 1280 3464 φικ-

273 3481 344 3535 dum
358 3481 473 3536 tantum
489 3479 682 3552 complectens
701 3499 767 3554 quae
785 3479 949 3537 dominium
967 3480 1114 3553 complent
1127 3471 1240 3550 queudis
1250 3467 1279 3523 sb

271 3582 311 3622 co
320 3572 459 3640 separata
470 3579 532 3616 non
541 3572 626 3630 sunt,
638 3561 713 3616 illud
724 3561 795 3617 vero
812 3559 951 3618 minuunt
961 3561 986 3618 si
995 3561 1034 3618 ab
1045 3561 1095 3618 illo
1108 3563 1275 3635 separentur·

478 3725 509 3810 p.
532 3721 1110 3830 cccxxxv-cccxxxunr.
1202 3679 1206 3688 ’

318 3891 400 3958 'lom
413 3911 491 3977 ergo
504 3889 544 3956 de
562 3887 670 3980 primo
682 3887 757 3978 jure
766 3886 803 3958 in
817 3910 870 3986 re,
893 3900 973 3978 puta
989 3887 1151 3957 dominio,
1168 3885 1215 3950 De
1224 3901 1274 3968 quo
