2644 4504
253 318 316 388 DE
329 320 561 398 EXCUSAT.
576 321 753 394 TUTOR.
769 322 829 390 ET
845 319 1019 390 cUnAr.
1088 318 1151 408 509

4 425 6 492 ἶ
116 422 273 513 publicis.
287 434 351 498 Sed
371 447 482 500 tamen
506 435 614 499 stricte
635 435 850 522 requiruntur
870 432 949 496 anni
965 453 1024 518 70,
1047 439 1104 508 ut,
1126 427 1155 490 si

116 513 176 580 vel
194 517 263 670 {lies
284 521 370 588 desit‘
383 524 458 590 huic
477 523 582 607 atati,
599 523 690 588 locus
704 547 769 588 non
784 523 824 587 sit
837 518 1056 600 excusationi,
1075 517 1097 580 l.
1110 537 1131 582 2
1140 563 1153 595 ,

110 625 178 690 pr·
206 631 228 671 ι.
248 619 273 676 t.

170 751 241 808 Tn'a
265 774 356 812 onem
378 755 505 834 nitela]
535 758 605 813 Duo
632 755 783 812 sufficiunt
809 756 896 828 juxta
920 753 1035 810 Codicis
1058 749 1155 809 nostri

3 835 5 880 i
119 849 177 892 art.
187 832 258 891 435.
270 837 414 895 Favoreur
424 839 587 895 etissneum
598 834 710 896 addidit
719 837 767 894 iile
778 837 936 908 articulus,
946 835 1047 891 utsive
1057 845 1155 908 pater,

124 918 190 977 sive
201 917 325 974 maritus
334 959 344 988 ‚
354 921 415 976 und
428 920 489 993 jam
502 921 594 977 tuteli
608 930 767 988 oneratus,
780 937 842 974 uon
856 919 947 992 possit
958 916 1024 993 cogi
1033 915 1072 972 ad
1083 916 1156 972 alte·

124 1017 192 1055 ram
204 997 440 1074 suscipiendam,
460 1001 657 1076 praeterquim
672 999 844 1070 liberorum,
853 1017 987 1056 suorum.

165 1081 350 1159 Paulianae]
364 1082 432 1140 Haec
444 1101 532 1143 causa
545 1081 622 1140 inter
633 1083 730 1140 tutelae
741 1082 942 1138 excusationes
953 1098 1013 1138 uon
1026 1077 1157 1136 refertur

118 1159 154 1218 in
170 1161 276 1218 Codice
287 1174 401 1222 nostro.
411 1149 490 1224 Puto
499 1175 599 1222 tumen
611 1175 640 1220 et
652 1163 732 1220 illam
744 1203 752 1230 ‚
767 1163 984 1220 excusationem
994 1159 1156 1236 aliquando

119 1243 256 1319 praebere
274 1263 381 1318 posse,
405 1244 429 1302 si
449 1245 514 1302 talis
533 1245 571 1302 sit
588 1245 695 1302 tuturis
711 1257 844 1320 egestas,
864 1257 899 1300 ut
917 1244 1083 1319 periculum
1100 1241 1155 1311 sit,

2 1335 3 1360 ¹
118 1343 162 1382 ne
173 1324 302 1394 esuriat,
316 1325 341 1381 si
354 1337 469 1400 tempus
481 1327 579 1382 tutelae
591 1326 827 1384 administrandae
838 1326 1008 1400 impendere
1019 1323 1134 1382 debeat.

164 1405 315 1484 Morene]
338 1407 445 1464 Gravis
462 1407 589 1476 scilicet,
607 1403 765 1464 continuus
779 1417 808 1463 et
820 1427 881 1463 non
893 1406 1048 1463 affectatus
1064 1444 1073 1473 ‚
1093 1424 1156 1462 non

119 1487 253 1545 solimis
270 1489 362 1544 tuteli
378 1489 582 1564 suscipiendi,
602 1489 652 1546 scd
665 1489 682 1546 ὲ
695 1489 788 1545 tuteli
798 1487 859 1564 jam
875 1487 1010 1563 suscepti
1026 1497 1157 1543 excusat.

123 1569 199 1626 cod.
220 1571 300 1646 Nap.
325 1584 381 1646 ort.
400 1569 476 1628 434.

167 1646 417 1730 Samnagenses]
435 1648 476 1711 65
493 1671 587 1710 annos
600 1644 761 1728 completos
773 1651 812 1708 ad
823 1653 922 1708 tutelae
938 1649 1072 1706 nondum
1084 1667 1157 1706 sus·

121 1743 217 1808 ceptae
234 1734 452 1791 excusationem
470 1733 603 1792 sufficere
622 1745 745 1791 constat.
764 1733 816 1792 Sin
833 1746 931 1790 auteur
946 1731 1008 1804 jam
1022 1741 1158 1804 suscepta

1 1877 6 1901 ι
121 1813 266 1884 sit,oi1m
284 1815 324 1872 ad
344 1835 383 1889 7⁰
401 1817 516 1874 venerit
535 1828 633 1885 tutor,
647 1835 677 1872 se
695 1834 833 1874 excusare
849 1809 970 1891 poterit.
991 1812 1064 1869 Cod.
1076 1814 1157 1887 Nap.

123 1909 186 1956 art.
196 1893 272 1955 433.

500 2019 532 2104 ς.
566 2015 785 2086 CCXCIV.

174 2182 324 2270 Denique
339 2193 370 2247 et
384 2181 426 2248 ob
442 2183 664 2249 inimicitiam
675 2205 752 2248 cum
764 2194 857 2274 patre
865 2183 982 2272 pupilli
995 2203 1160 2248 excusan·
1259 2215 1263 2222 .

126 2284 185 2336 tur
196 2295 214 2336 a
226 2273 344 2352 tutela,
358 2273 415 2359 qui
426 2271 521 2336 istam
532 2271 693 2359 allegant,
708 2275 737 2358 ς.
748 2297 772 2360 9
789 2285 820 2338 et
834 2296 863 2337 n
875 2322 883 2352 ‚
897 2274 1014 2338 Instit.
1027 2273 1061 2337 n.
1076 2283 1100 2338 t.
1115 2274 1160 2338 Et

126 2361 164 2427 id
178 2360 311 2448 quidem
329 2360 432 2425 videri
474 2372 555 2425 osset
571 2362 754 2426 christianae
770 2361 882 2450 pietati
896 2361 1058 2427 adversari
1075 2361 1160 2425 ssio-

127 2450 202 2514 cine
210 2450 300 2513 enim
310 2449 393 2536 leges
402 2385 574 2535 indiligent
580 2451 634 2529 iis,
647 2473 727 2537 quos
738 2473 780 2514 ne
791 2473 879 2515 mors
890 2451 1022 2538 quidem
1034 2449 1159 2534 inirnici

126 2539 279 2629 placeat?
292 2539 356 2603 Sed
370 2550 457 2603 recte
470 2539 611 2604 adhunc
623 2540 654 2624 S.
668 2563 708 2626 9,
723 2551 814 2604 notet
831 2540 990 2621 vinnius,
1005 2561 1072 2604 non
1084 2561 1158 2603 eam

127 2649 194 2694 esse
204 2627 285 2711 juris
299 2628 510 2708 sententiam,
529 2627 583 2692 sed
598 2627 670 2692 ideo
685 2628 747 2692 hoo
762 2628 970 2716 privilegium
985 2629 1035 2694 his
1045 2628 1160 2694 indul-

127 2716 217 2803 geri,
232 2727 270 2780 ut
280 2715 398 2805 pudori
409 2737 524 2782 eorum
536 2727 735 2804 parceretur.
751 2717 841 2782 Nam
855 2718 880 2782 si
894 2718 1032 2782 tutelam
1049 2716 1157 2781 subire

126 2815 340 2890 cogerentur,
360 2802 456 2870 facile
475 2805 627 2872 adversus
652 2827 706 2870 eos
727 2806 865 2895 suspicio
894 2805 1050 2886 oriretur,
1070 2827 1109 2869 ac
1132 2806 1159 2869 si

127 2915 251 2985 parum
274 2893 412 2979 candide
429 2893 587 2974 versaturi
608 2905 711 2960 essent
728 2894 762 2960 in
784 2895 896 2960 tutela.
913 2895 962 2959 Ut
979 2915 1058 2979 ergo
1073 2894 1159 2958 hanc

127 2982 293 3048 sinistram
308 2983 501 3070 opinionem
507 2983 628 3048 evitare
639 2994 671 3047 et
682 2983 956 3050 existimationem
969 3003 1062 3047 suam
1074 2983 1159 3048 tueri

128 3072 270 3163 possint,
289 3071 344 3138 lex
356 3093 409 3136 eos
422 3083 574 3151 excusat,
592 3071 618 3136 si
635 3071 749 3138 velint.
857 3087 861 3110 t

172 3217 246 3292 Arg.
261 3167 460 3294 odrinapot.
472 3185 604 3274 irradia
614 3185 685 3276 40.

516 3373 548 3457 5,
583 3342 780 3440 ccxcv.

176 3536 333 3606 Vidimus
348 3559 472 3602 caussas
488 3537 665 3603 excusandi
685 3538 905 3619 voluntarias,
932 3559 1006 3626 quse
1024 3536 1164 3606 liberant

129 3628 173 3693 ab
203 3627 267 3694 hoo
297 3649 423 3706 onere,
459 3626 486 3690 si
510 3627 691 3713 allegentur
720 3640 933 3714 :sequuntur
962 3629 1163 3694 necessariae

134 3717 195 3804 (ὅ.
218 3713 294 3783 288.
309 3715 337 3802 )‚
353 3737 427 3802 quae
445 3713 544 3780 etiam
565 3737 633 3780 non
653 3717 808 3804 oppositae
823 3714 998 3805 prohibent
1016 3739 1034 3781 a
1050 3715 1164 3780 tutela.

133 3803 303 3892 Quicquid
315 3805 404 3872 enim
418 3803 566 3872 homines
576 3805 703 3892 ineptos
714 3805 819 3870 reddit
831 3806 872 3870 ad
884 3805 1024 3871 aliorum
1035 3803 1167 3890 negotia

133 3895 295 3983 gerenda,
321 3874 363 3960 oi»
383 3894 417 3958 id
431 3915 490 3958 uec
506 3892 548 3959 ad
566 3893 701 3960 tutelam
716 3894 947 3961 admittuntur.
949 3893 1067 4050 x{ignes
1086 3915 1172 3980 ergo
