2756 4504
229 330 294 400 45⁰
462 335 636 402 LIBER
665 337 725 416 ll,
749 337 864 404 TIT.
894 338 1018 406 vltt.

226 443 258 528 ς.
278 466 313 521 1,
330 441 367 508 C.
389 442 430 508 de
441 444 512 522 jur.
526 445 618 509 dom.
636 448 771 528 impetr.
791 447 838 534 (b)
853 448 889 512 Si
908 447 996 534 pacti
1014 448 1100 528 sint,
1116 471 1159 513 ne
1170 469 1249 512 ren·

229 531 348 610 datur,
364 535 485 600 trinam
497 535 780 600 denunciationem
798 548 926 625 oportet
939 538 1120 624 prmcedere
1130 587 1139 616 ,
1151 559 1249 624 eoque

230 634 385 702 cessante,
399 622 562 686 distractio
570 626 787 712 permittitur,
802 625 825 688 l.
841 623 865 689 4
872 675 884 704 ,
888 624 936 714 ff
950 626 992 690 de
1000 629 1075 715 pig.
1089 638 1155 691 act.
1164 627 1206 714 (c)
1218 625 1250 690 Si

229 709 313 774 nibil
327 733 364 774 ea
385 711 425 776 de
438 735 474 776 re
491 713 580 801 pacti
592 713 675 793 sint,
699 737 764 777 una
779 713 895 779 sufficit
909 715 1115 780 denunciatio
1127 715 1251 802 ,eaque

229 796 316 864 facta
338 801 446 866 adhuc
470 824 529 890 per
551 801 718 866 biennium
738 803 1014 892 exspectandum,
1037 806 1059 868 l.
1081 803 1107 868 4
1118 855 1129 884 ,
1155 804 1192 869 C.
1211 805 1251 869 de

230 887 329 954 distr.
342 891 442 980 pigra.
464 889 627 956 Omnibus
642 892 691 956 bis
709 893 832 959 casibus
853 893 1015 958 distractio
1035 891 1073 957 fit
1087 895 1254 958 sollemni·
1347 877 1348 936 l

231 987 303 1057 ter,
325 977 377 1044 vel
404 979 463 1043 sub
486 979 600 1060 hasta,
622 979 674 1046 rel
693 1005 752 1070 per
773 982 910 1046 modum
927 982 1106 1062 auctionis,
1128 982 1251 1070 pretio,

256 1079 393 1140 nantum
408 1067 479 1134 fieri
494 1080 597 1158 potest
606 1118 615 1151 ,
634 1071 800 1148 maximo,
814 1071 838 1136 t
854 1069 901 1148 4,
916 1069 940 1134 l.
951 1093 995 1158 7,
1011 1071 1034 1135 l.
1053 1094 1105 1149 ro,
1126 1071 1164 1136 0.
1180 1071 1250 1136 eod.

229 1087 255 1222 i.
274 1153 333 1236 24,
350 1157 373 1224 l.
390 1179 452 1237 22,
469 1158 500 1243 §
517 1157 579 1225 ult.
593 1155 639 1248 ff.
662 1157 703 1222 de
720 1161 821 1248 pigra.
844 1171 909 1224 act.
930 1160 966 1224 Si
987 1172 1149 1224 amtorem
1165 1161 1252 1224 inre·

192 1315 196 1323 ,
231 1245 301 1312 niat
319 1269 369 1312 res
380 1296 392 1326 ,
417 1245 601 1314 dominium
620 1247 729 1312 statim
751 1250 788 1312 in
813 1271 889 1312 eum
913 1246 1127 1330 transfertur,
1151 1270 1253 1336 neque

230 1331 356 1400 debitor
377 1334 486 1401 oblato
503 1338 607 1424 pretio
624 1358 698 1400 eam
716 1357 860 1425 repetere
878 1348 1003 1426 potest,
1026 1338 1050 1402 l.
1070 1335 1143 1417 46,
1151 1337 1198 1426 ff
1215 1337 1253 1401 ds

231 1421 282 1492 A.
302 1421 348 1490 R.
367 1423 415 1490 D.
437 1423 460 1490 L
487 1429 545 1503 aa,
565 1423 603 1490 0.
628 1421 670 1490 de
687 1424 786 1492 dista
811 1428 916 1516 pign.
945 1426 1003 1492 Sin
1027 1448 1128 1492 nemo
1150 1448 1253 1492 emere

234 1511 333 1592 velit,
349 1535 435 1578 nova
448 1513 690 1580 denuntiatione
709 1536 790 1603 opus
807 1527 875 1591 est,
890 1537 927 1580 ea
945 1513 1028 1580 facta
1046 1515 1149 1598 judex
1172 1517 1254 1580 diem
1350 1529 1351 1546 ¹

231 1603 365 1684 statuit,
389 1601 475 1668 intra
496 1625 595 1690 quem
619 1603 823 1668 solvendum.
847 1603 896 1670 Eo
918 1604 1127 1692 praeterlapso
1152 1603 1255 1670 credi·

230 1689 296 1756 tori
312 1714 373 1780 pro
387 1703 476 1758 certo
490 1691 594 1782 pretio
607 1690 767 1758 addicitur
784 1693 919 1781 pignus,
937 1693 981 1758 ita
995 1705 1107 1758 tamen
1122 1743 1133 1776 ,
1154 1703 1192 1758 ut
1208 1693 1256 1758 in·
1351 1771 1352 1778 ἵ

230 1790 282 1846 tra
299 1779 468 1847 biennium
488 1781 596 1846 adhuc
618 1780 713 1846 liceat
735 1781 871 1848 debitori
894 1780 1009 1848 offerre
1031 1793 1154 1848 sortem
1177 1803 1252 1847 cum

231 1871 352 1952 usuris,
363 1881 395 1936 et
407 1871 450 1936 ita
462 1870 581 1960 pignus
590 1871 691 1936 luere.
712 1871 735 1936 l.
748 1871 809 1938 ult.
822 1871 853 1958 S.
867 1893 909 1956 2,
921 1873 964 1956 3,
979 1869 1015 1936 0.
1029 1871 1152 1960 dejur.
1166 1875 1254 1936 dom.

119 2021 123 2030 ,
233 1959 370 2048 impetn

274 2105 410 2162 Creditur
423 2103 642 2161 distractionem
654 2102 792 2178 persequi
805 2113 902 2176 potest
918 2103 961 2161 rei
975 2104 1030 2162 sibi
1043 2105 1255 2180 oppignerata,

236 2186 298 2246 sire
311 2207 345 2243 ea
358 2205 405 2242 res
417 2185 533 2242 mobilis
553 2185 609 2254 sit,
632 2185 692 2242 sive
710 2185 878 2244 immobilis.
902 2187 970 2258 Qut
993 2198 1093 2242 antem
1114 2185 1211 2243 forma
1228 2186 1257 2242 id

232 2267 297 2325 fieri
308 2269 432 2338 debeat,
450 2267 550 2324 videre
562 2279 605 2324 est
622 2269 653 2323 in
675 2268 748 2324 Cod.
766 2269 849 2342 Nap.
863 2281 920 2328 art.
934 2268 1025 2344 2018,
1043 2264 1114 2326 2204
1134 2281 1164 2324 et
1180 2287 1256 2344 seqq.
1353 2265 1354 2270 '

231 2351 302 2407 etin
313 2349 384 2408 Cod.
394 2351 516 2408 Proaad.
530 2363 584 2408 art.
594 2347 653 2427 653
664 2363 781 2424 etseqq.

544 2507 576 2591 §.
599 2501 939 2614 §CCCLXVIIL
1022 2524 1025 2530 ’

279 2669 372 2736 Idem
393 2666 503 2732 thema
522 2664 731 2756 paradoxum
756 2663 956 2730 lastinianus
979 2677 1087 2731 noster
1111 2665 1258 2734 demons-

235 2771 300 2826 trat
316 2768 362 2825 2⁰.
380 2756 534 2845 exemplo
548 2756 688 2835 tutoris,
703 2752 760 2842 qui
772 2765 895 2818 nonest
905 2753 1056 2820 dominus
1067 2778 1181 2821 rerum
1195 2777 1257 2844 pn-

235 2848 426 2940 pillarium,
446 2845 500 2911 sed
520 2844 627 2910 nudus
650 2843 910 2924 administrator,
934 2855 966 2910 et
989 2854 1099 2910 tamen
1122 2867 1176 2912 eas
1199 2844 1257 2908 ali-

235 2938 367 3027 qnando
386 2947 472 3002 recte
491 2933 630 3000 alienare
647 2937 761 3022 potest.
785 2931 954 3014 Dicimus,
972 2955 1049 2998 eum
1070 2932 1255 3022 aliquando

191 3087 194 3094 ,
235 3039 322 3098 recte
336 3026 487 3113 alienare.
505 3021 782 3108 Distinguendum
792 3021 881 3086 enim
891 3032 935 3086 est
947 3021 1031 3087 inter
1043 3021 1127 3086 bona
1142 3023 1258 3087 immo-

238 3117 315 3190 bilia
338 3126 370 3180 et
393 3112 537 3180 mobilia.
562 3112 661 3192 Hoec,
688 3111 787 3176 modo
807 3132 875 3175 non
894 3109 957 3176 sint
982 3111 1120 3199 pretiosa
1145 3112 1257 3176 admo·

236 3207 317 3271 dum
330 3254 339 3284 ,
353 3216 386 3268 et
400 3201 558 3270 servando
571 3199 692 3266 serrari
710 3223 777 3266 non
797 3197 939 3288 possint,
954 3197 1040 3264 licite
1059 3201 1256 3280 alienantur,

239 3297 263 3362 l.
277 3316 334 3372 22,
348 3291 385 3358 C·
401 3293 443 3358 de
455 3291 549 3358 atim.
566 3300 628 3356 tnt.
646 3288 668 3354 l.
685 3290 747 3354 ult.
763 3287 800 3354 C.
816 3287 956 3375 quando
973 3289 1062 3354 decr.
1079 3313 1150 3354 non
1165 3311 1254 3378 opus.

238 3385 359 3451 Contra
378 3383 404 3446 si
423 3382 487 3446 sint
505 3377 684 3444 immobilia
699 3389 731 3442 et
745 3377 877 3442 mobilia
899 3377 1037 3443 maximi
1052 3380 1170 3466 pretii,
1185 3376 1258 3442 alie·

241 3473 332 3542 natio
350 3471 438 3538 licita
457 3491 525 3534 non
545 3479 612 3548 est,
626 3467 686 3531 nisi
701 3467 870 3532 accedente
890 3470 1095 3553 magistratus
1112 3469 1255 3546 decreto,

240 3563 264 3631 l.
289 3585 354 3640 22,
383 3560 420 3626 0.
445 3559 487 3624 de
510 3559 604 3626 adm.
630 3567 692 3622 tut.
716 3555 930 3644 Exceptiones
954 3569 1064 3624 tamen
1085 3557 1255 3622 notandae:

238 3652 285 3742 (a)
298 3653 323 3718 si
335 3661 427 3740 pater
438 3647 665 3713 alienationem
679 3656 869 3710 testamento
883 3645 1080 3734 permiserit,
1094 3645 1116 3710 l.
1134 3669 1166 3725 1,
1178 3647 1207 3731 ἕ.
1221 3665 1256 3722 2,

240 3743 264 3808 l.
290 3741 352 3806 ult.
367 3737 415 3830 ff
440 3738 480 3802 da
501 3735 600 3801 rebus
620 3759 737 3800 eornm
751 3735 813 3822 qni
825 3734 889 3800 sub
911 3745 975 3798 tut.
997 3735 1044 3823 (b)
1064 3734 1099 3800 Si
1114 3733 1256 3834 alienatio
1319 3793 1324 3804 ,

239 3831 298 3898 fiat
316 3852 359 3896 ex
382 3826 586 3907 necessitate,
614 3847 642 3889 e.
668 3844 701 3912 g.
726 3825 801 3911 quia
824 3846 866 3888 aes
886 3823 1026 3890 alienum
1051 3837 1167 3912 urge13
1186 3842 1254 3910 quta

240 3917 397 3988 sociasset
412 3916 601 3983 divisionem
621 3926 777 4003 provocat
794 3940 803 3978 ε
822 3913 944 3978 sialius
964 3914 1102 4001 gaudeat
1115 3914 1190 4004 jure
1206 3931 1255 3978 re·
