<?xml version="1.0" encoding="UTF-8"?>
<!DOCTYPE html PUBLIC "-//W3C//DTD XHTML 1.0 Transitional//EN"
    "http://www.w3.org/TR/xhtml1/DTD/xhtml1-transitional.dtd">
<html xmlns="http://www.w3.org/1999/xhtml" xml:lang="en" lang="en">
 <head>
  <title>
</title>
<meta http-equiv="Content-Type" content="text/html;charset=utf-8" />
  <meta name='ocr-system' content='tesseract 3.04.00' />
  <meta name='ocr-capabilities' content='ocr_page ocr_carea ocr_par ocr_line ocrx_word'/>
</head>
<body>
  <div class='ocr_page' id='page_1' title='image "./recitationesine00heingoog_0331.png"; bbox 0 0 2756 4504; ppageno 0'>
   <div class='ocr_carea' id='block_1_1' title="bbox 389 15 1186 270">
    <p class='ocr_par' dir='ltr' id='par_1_1' title="bbox 389 15 1186 270">
     <span class='ocr_line' id='line_1_1' title="bbox 389 15 1186 270; baseline -0.035 -115"><span class='ocrx_word' id='word_1_1' title='bbox 389 79 481 270; x_wconf 53' lang='lat' dir='ltr'><strong>ts„</strong></span> <span class='ocrx_word' id='word_1_2' title='bbox 520 85 704 174; x_wconf 54' lang='lat' dir='ltr'><strong>muta.</strong></span> <span class='ocrx_word' id='word_1_3' title='bbox 725 27 876 152; x_wconf 48' lang='lat' dir='ltr'><strong>tta-..li</strong></span> <span class='ocrx_word' id='word_1_4' title='bbox 940 15 958 138; x_wconf 47' lang='lat'><strong>⁸.</strong></span> <span class='ocrx_word' id='word_1_5' title='bbox 986 89 993 100; x_wconf 90' lang='lat'><strong>·</strong></span> <span class='ocrx_word' id='word_1_6' title='bbox 1018 56 1186 190; x_wconf 35' lang='lat' dir='ltr'><strong>tayo</strong></span> 
     </span>
    </p>
   </div>
   <div class='ocr_carea' id='block_1_2' title="bbox 239 238 1021 324">
    <p class='ocr_par' dir='ltr' id='par_1_2' title="bbox 239 238 1021 324">
     <span class='ocr_line' id='line_1_2' title="bbox 239 238 1021 324; baseline 0.005 -19"><span class='ocrx_word' id='word_1_7' title='bbox 239 238 306 308; x_wconf 77' lang='lat'><strong>424</strong></span> <span class='ocrx_word' id='word_1_8' title='bbox 483 243 649 308; x_wconf 85' lang='lat' dir='ltr'>LIBER</span> <span class='ocrx_word' id='word_1_9' title='bbox 676 241 739 324; x_wconf 91' lang='grc' dir='ltr'><strong>ΙΙ,</strong></span> <span class='ocrx_word' id='word_1_10' title='bbox 766 245 876 310; x_wconf 88' lang='grc' dir='ltr'><strong>ΤΙΤ.</strong></span> <span class='ocrx_word' id='word_1_11' title='bbox 898 241 1021 314; x_wconf 84' lang='lat' dir='ltr'>v111.</span> 
     </span>
    </p>
   </div>
   <div class='ocr_carea' id='block_1_3' title="bbox 235 349 1349 1417">
    <p class='ocr_par' dir='ltr' id='par_1_3' title="bbox 235 349 1349 1420">
     <span class='ocr_line' id='line_1_3' title="bbox 237 349 1252 428; baseline 0.002 -15"><span class='ocrx_word' id='word_1_12' title='bbox 237 371 378 418; x_wconf 83' lang='lat' dir='ltr'><strong>uxorem</strong></span> <span class='ocrx_word' id='word_1_13' title='bbox 399 364 566 417; x_wconf 76' lang='lat' dir='ltr'><strong>comtante</strong></span> <span class='ocrx_word' id='word_1_14' title='bbox 578 353 788 418; x_wconf 83' lang='lat' dir='ltr'><strong>matrimonio</strong></span> <span class='ocrx_word' id='word_1_15' title='bbox 811 377 880 419; x_wconf 92' lang='lat' dir='ltr'><strong>non</strong></span> <span class='ocrx_word' id='word_1_16' title='bbox 898 365 1039 421; x_wconf 72' lang='lat' dir='ltr'><strong>nauseat</strong></span> <span class='ocrx_word' id='word_1_17' title='bbox 1052 349 1252 428; x_wconf 79' lang='lat' dir='ltr'><strong>dominium,</strong></span> 
     </span>
     <span class='ocr_line' id='line_1_4' title="bbox 236 439 1252 528; baseline 0 -24"><span class='ocrx_word' id='word_1_18' title='bbox 236 440 292 504; x_wconf 77' lang='lat' dir='ltr'><strong>sed</strong></span> <span class='ocrx_word' id='word_1_19' title='bbox 307 441 497 518; x_wconf 78' lang='lat' dir='ltr'><strong>lautumias</strong></span> <span class='ocrx_word' id='word_1_20' title='bbox 511 441 656 528; x_wconf 83' lang='lat' dir='ltr'><strong>pignon&#39;s</strong></span> <span class='ocrx_word' id='word_1_21' title='bbox 671 443 708 510; x_wconf 90' lang='lat' dir='ltr'><strong>in</strong></span> <span class='ocrx_word' id='word_1_22' title='bbox 722 441 815 508; x_wconf 78' lang='lat' dir='ltr'><strong>bonis</strong></span> <span class='ocrx_word' id='word_1_23' title='bbox 827 443 957 522; x_wconf 80' lang='lat' dir='ltr'><strong>mariti,</strong></span> <span class='ocrx_word' id='word_1_24' title='bbox 972 445 994 507; x_wconf 83' lang='lat' dir='ltr'><strong>l.</strong></span> <span class='ocrx_word' id='word_1_25' title='bbox 1008 465 1070 528; x_wconf 86' lang='lat'><strong>29,</strong></span> <span class='ocrx_word' id='word_1_26' title='bbox 1085 439 1123 506; x_wconf 87' lang='lat' dir='ltr'><strong>C.</strong></span> <span class='ocrx_word' id='word_1_27' title='bbox 1138 443 1252 523; x_wconf 78' lang='lat' dir='ltr'><strong>dejur-</strong></span> 
     </span>
     <span class='ocr_line' id='line_1_5' title="bbox 239 527 1252 618; baseline -0.004 -25"><span class='ocrx_word' id='word_1_28' title='bbox 239 527 309 593; x_wconf 78' lang='lat' dir='ltr'><strong>dot.</strong></span> <span class='ocrx_word' id='word_1_29' title='bbox 324 529 420 594; x_wconf 74' lang='lat' dir='ltr'><strong>Nou.</strong></span> <span class='ocrx_word' id='word_1_30' title='bbox 433 529 549 611; x_wconf 88' lang='lat' dir='ltr'><strong>LXI,</strong></span> <span class='ocrx_word' id='word_1_31' title='bbox 564 557 593 595; x_wconf 88' lang='lat' dir='ltr'><strong>c.</strong></span> <span class='ocrx_word' id='word_1_32' title='bbox 608 532 763 618; x_wconf 77' lang='lat' dir='ltr'><strong>s,prine.</strong></span> <span class='ocrx_word' id='word_1_33' title='bbox 777 533 823 597; x_wconf 76' lang='lat'><strong>5⁰.</strong></span> <span class='ocrx_word' id='word_1_34' title='bbox 837 533 886 598; x_wconf 86' lang='lat' dir='ltr'><strong>Ut</strong></span> <span class='ocrx_word' id='word_1_35' title='bbox 899 556 959 598; x_wconf 84' lang='lat' dir='ltr'><strong>nec</strong></span> <span class='ocrx_word' id='word_1_36' title='bbox 973 531 1100 596; x_wconf 80' lang='lat' dir='ltr'><strong>fructus</strong></span> <span class='ocrx_word' id='word_1_37' title='bbox 1110 531 1156 594; x_wconf 84' lang='lat' dir='ltr'><strong>eui</strong></span> <span class='ocrx_word' id='word_1_38' title='bbox 1167 529 1252 592; x_wconf 86' lang='lat' dir='ltr'><strong>huno</strong></span> 
     </span>
     <span class='ocr_line' id='line_1_6' title="bbox 236 614 1254 709; baseline -0.003 -29"><span class='ocrx_word' id='word_1_39' title='bbox 236 614 273 680; x_wconf 90' lang='lat' dir='ltr'><strong>in</strong></span> <span class='ocrx_word' id='word_1_40' title='bbox 288 619 426 682; x_wconf 89' lang='lat' dir='ltr'><strong>modum</strong></span> <span class='ocrx_word' id='word_1_41' title='bbox 438 619 566 684; x_wconf 64' lang='lat' dir='ltr'><strong>donata)</strong></span> <span class='ocrx_word' id='word_1_42' title='bbox 580 641 667 684; x_wconf 82' lang='lat' dir='ltr'><strong>uxor</strong></span> <span class='ocrx_word' id='word_1_43' title='bbox 685 622 841 709; x_wconf 80' lang='lat' dir='ltr'><strong>pemipiat</strong></span> <span class='ocrx_word' id='word_1_44' title='bbox 854 633 1021 686; x_wconf 63' lang='lat' dir='ltr'><strong>comante</strong></span> <span class='ocrx_word' id='word_1_45' title='bbox 1035 617 1254 684; x_wconf 83' lang='lat' dir='ltr'><strong>matrimonio.</strong></span> 
     </span>
     <span class='ocr_line' id='line_1_7' title="bbox 239 703 1256 796; baseline -0.001 -28"><span class='ocrx_word' id='word_1_46' title='bbox 239 703 331 768; x_wconf 87' lang='lat' dir='ltr'><strong>Nam</strong></span> <span class='ocrx_word' id='word_1_47' title='bbox 352 707 378 769; x_wconf 86' lang='lat' dir='ltr'><strong>si</strong></span> <span class='ocrx_word' id='word_1_48' title='bbox 399 708 577 796; x_wconf 77' lang='lat' dir='ltr'><strong>percipeoet</strong></span> <span class='ocrx_word' id='word_1_49' title='bbox 595 731 682 774; x_wconf 87' lang='lat' dir='ltr'><strong>uxor</strong></span> <span class='ocrx_word' id='word_1_50' title='bbox 700 707 844 790; x_wconf 80' lang='lat' dir='ltr'><strong>finctus,</strong></span> <span class='ocrx_word' id='word_1_51' title='bbox 865 723 945 774; x_wconf 87' lang='lat' dir='ltr'><strong>tunc</strong></span> <span class='ocrx_word' id='word_1_52' title='bbox 960 711 1018 774; x_wconf 84' lang='lat' dir='ltr'><strong>dos</strong></span> <span class='ocrx_word' id='word_1_53' title='bbox 1034 708 1158 776; x_wconf 82' lang='lat' dir='ltr'><strong>inutilis</strong></span> <span class='ocrx_word' id='word_1_54' title='bbox 1170 705 1256 770; x_wconf 84' lang='lat' dir='ltr'><strong>fieret</strong></span> 
     </span>
     <span class='ocr_line' id='line_1_8' title="bbox 239 793 1349 886; baseline 0.003 -28"><span class='ocrx_word' id='word_1_55' title='bbox 239 793 370 875; x_wconf 82' lang='lat' dir='ltr'><strong>merito,</strong></span> <span class='ocrx_word' id='word_1_56' title='bbox 383 795 405 859; x_wconf 82' lang='lat' dir='ltr'><strong>t</strong></span> <span class='ocrx_word' id='word_1_57' title='bbox 418 817 477 882; x_wconf 83' lang='lat'><strong>29,</strong></span> <span class='ocrx_word' id='word_1_58' title='bbox 488 796 524 862; x_wconf 87' lang='lat' dir='ltr'><strong>C.</strong></span> <span class='ocrx_word' id='word_1_59' title='bbox 537 797 657 882; x_wconf 83' lang='lat' dir='ltr'><strong>dejur.</strong></span> <span class='ocrx_word' id='word_1_60' title='bbox 669 799 738 862; x_wconf 81' lang='lat' dir='ltr'><strong>dot.</strong></span> <span class='ocrx_word' id='word_1_61' title='bbox 748 800 771 862; x_wconf 89' lang='lat' dir='ltr'><strong>l.</strong></span> <span class='ocrx_word' id='word_1_62' title='bbox 786 821 843 876; x_wconf 65' lang='grc' dir='ltr'><strong>πο,</strong></span> <span class='ocrx_word' id='word_1_63' title='bbox 854 797 973 864; x_wconf 73' lang='lat' dir='ltr'><strong>aeod.</strong></span> <span class='ocrx_word' id='word_1_64' title='bbox 984 798 1053 868; x_wconf 83' lang='lat' dir='ltr'><strong>Dos</strong></span> <span class='ocrx_word' id='word_1_65' title='bbox 1062 797 1154 862; x_wconf 86' lang='lat' dir='ltr'><strong>enim</strong></span> <span class='ocrx_word' id='word_1_66' title='bbox 1163 795 1254 860; x_wconf 83' lang='lat' dir='ltr'><strong>datur</strong></span> <span class='ocrx_word' id='word_1_67' title='bbox 1348 857 1349 886; x_wconf 25' lang='lat'>¹</span> 
     </span>
     <span class='ocr_line' id='line_1_9' title="bbox 238 879 1349 973; baseline 0.004 -28"><span class='ocrx_word' id='word_1_68' title='bbox 238 881 281 946; x_wconf 88' lang='lat' dir='ltr'><strong>ad</strong></span> <span class='ocrx_word' id='word_1_69' title='bbox 300 879 431 948; x_wconf 86' lang='lat' dir='ltr'><strong>ferenda</strong></span> <span class='ocrx_word' id='word_1_70' title='bbox 447 887 650 950; x_wconf 83' lang='lat' dir='ltr'><strong>matrimonii</strong></span> <span class='ocrx_word' id='word_1_71' title='bbox 669 909 781 952; x_wconf 88' lang='lat' dir='ltr'><strong>onera.</strong></span> <span class='ocrx_word' id='word_1_72' title='bbox 802 888 979 973; x_wconf 77' lang='lat' dir='ltr'><strong>Fingamus</strong></span> <span class='ocrx_word' id='word_1_73' title='bbox 997 909 1097 965; x_wconf 78' lang='lat' dir='ltr'><strong>veto,</strong></span> <span class='ocrx_word' id='word_1_74' title='bbox 1121 903 1256 950; x_wconf 82' lang='lat' dir='ltr'><strong>uxorem</strong></span> <span class='ocrx_word' id='word_1_75' title='bbox 1348 901 1349 924; x_wconf 66' lang='lat'>¹</span> 
     </span>
     <span class='ocr_line' id='line_1_10' title="bbox 235 971 1257 1066; baseline 0 -31"><span class='ocrx_word' id='word_1_76' title='bbox 235 971 319 1036; x_wconf 89' lang='lat' dir='ltr'><strong>mihi</strong></span> <span class='ocrx_word' id='word_1_77' title='bbox 337 975 533 1040; x_wconf 74' lang='lat' dir='ltr'><strong>constituisse</strong></span> <span class='ocrx_word' id='word_1_78' title='bbox 548 975 656 1040; x_wconf 89' lang='lat' dir='ltr'><strong>dotem</strong></span> <span class='ocrx_word' id='word_1_79' title='bbox 670 997 776 1040; x_wconf 84' lang='grc' dir='ltr'>ιοοοο</span> <span class='ocrx_word' id='word_1_80' title='bbox 786 1025 796 1055; x_wconf 90' lang='grc'><strong>,</strong></span> <span class='ocrx_word' id='word_1_81' title='bbox 806 999 860 1040; x_wconf 87' lang='lat' dir='ltr'><strong>me</strong></span> <span class='ocrx_word' id='word_1_82' title='bbox 872 977 977 1042; x_wconf 86' lang='lat' dir='ltr'><strong>eidem</strong></span> <span class='ocrx_word' id='word_1_83' title='bbox 986 1000 1049 1066; x_wconf 89' lang='lat' dir='ltr'><strong>pro</strong></span> <span class='ocrx_word' id='word_1_84' title='bbox 1073 989 1124 1040; x_wconf 86' lang='lat' dir='ltr'><strong>ter</strong></span> <span class='ocrx_word' id='word_1_85' title='bbox 1134 971 1257 1060; x_wconf 86' lang='lat' dir='ltr'><strong>nuptias</strong></span> 
     </span>
     <span class='ocr_line' id='line_1_11' title="bbox 238 1000 1349 1154; baseline -0.001 -31"><span class='ocrx_word' id='word_1_86' title='bbox 238 1057 373 1126; x_wconf 82' lang='lat' dir='ltr'><strong>donasse</strong></span> <span class='ocrx_word' id='word_1_87' title='bbox 391 1085 494 1128; x_wconf 81' lang='lat' dir='ltr'><strong>toooo</strong></span> <span class='ocrx_word' id='word_1_88' title='bbox 505 1112 515 1142; x_wconf 93' lang='lat'>,</span> <span class='ocrx_word' id='word_1_89' title='bbox 527 1087 603 1128; x_wconf 88' lang='lat' dir='ltr'><strong>sane</strong></span> <span class='ocrx_word' id='word_1_90' title='bbox 615 1067 643 1128; x_wconf 85' lang='lat' dir='ltr'><strong>si</strong></span> <span class='ocrx_word' id='word_1_91' title='bbox 657 1077 736 1128; x_wconf 87' lang='lat' dir='ltr'><strong>tunc</strong></span> <span class='ocrx_word' id='word_1_92' title='bbox 746 1087 808 1150; x_wconf 86' lang='lat' dir='ltr'><strong>ego</strong></span> <span class='ocrx_word' id='word_1_93' title='bbox 826 1065 1026 1154; x_wconf 79' lang='lat' dir='ltr'>perciperem</span> <span class='ocrx_word' id='word_1_94' title='bbox 1036 1000 1164 1129; x_wconf 67' lang='lat' dir='ltr'><strong>tinctus</strong></span> <span class='ocrx_word' id='word_1_95' title='bbox 1181 1059 1258 1124; x_wconf 86' lang='lat' dir='ltr'><strong>dotis</strong></span> <span class='ocrx_word' id='word_1_96' title='bbox 1348 1057 1349 1140; x_wconf 64' lang='lat' dir='ltr'><strong>i</strong></span> 
     </span>
     <span class='ocr_line' id='line_1_12' title="bbox 239 1147 1349 1244; baseline -0.001 -33"><span class='ocrx_word' id='word_1_97' title='bbox 239 1147 979 1231; x_wconf 75' lang='lat' dir='ltr'><strong>500fl01·en0rum,etuxorfructusdonationis</strong></span> <span class='ocrx_word' id='word_1_98' title='bbox 988 1165 1127 1244; x_wconf 80' lang='lat' dir='ltr'><strong>propter</strong></span> <span class='ocrx_word' id='word_1_99' title='bbox 1135 1149 1259 1238; x_wconf 85' lang='lat' dir='ltr'><strong>nuptias</strong></span> <span class='ocrx_word' id='word_1_100' title='bbox 1348 1157 1349 1200; x_wconf 56' lang='grc' dir='ltr'><strong><em>ἕ</em></strong></span> 
     </span>
     <span class='ocr_line' id='line_1_13' title="bbox 239 1229 1349 1328; baseline 0.005 -28"><span class='ocrx_word' id='word_1_101' title='bbox 239 1237 353 1302; x_wconf 87' lang='lat' dir='ltr'><strong>itidem</strong></span> <span class='ocrx_word' id='word_1_102' title='bbox 366 1242 429 1305; x_wconf 89' lang='lat'><strong>500</strong></span> <span class='ocrx_word' id='word_1_103' title='bbox 443 1239 660 1322; x_wconf 85' lang='lat' dir='ltr'><strong>florenorum,</strong></span> <span class='ocrx_word' id='word_1_104' title='bbox 671 1254 751 1306; x_wconf 85' lang='lat' dir='ltr'><strong>tunc</strong></span> <span class='ocrx_word' id='word_1_105' title='bbox 761 1265 838 1307; x_wconf 89' lang='lat' dir='ltr'><strong>sane</strong></span> <span class='ocrx_word' id='word_1_106' title='bbox 852 1241 894 1306; x_wconf 91' lang='lat' dir='ltr'><strong>ab</strong></span> <span class='ocrx_word' id='word_1_107' title='bbox 906 1266 943 1308; x_wconf 84' lang='lat' dir='ltr'><strong>ea</strong></span> <span class='ocrx_word' id='word_1_108' title='bbox 954 1243 1037 1307; x_wconf 87' lang='lat' dir='ltr'><strong>nihil</strong></span> <span class='ocrx_word' id='word_1_109' title='bbox 1050 1243 1258 1328; x_wconf 78' lang='lat' dir='ltr'><strong>accepissem,</strong></span> <span class='ocrx_word' id='word_1_110' title='bbox 1348 1229 1349 1314; x_wconf 60' lang='grc' dir='ltr'>Ῐ</span> 
     </span>
     <span class='ocr_line' id='line_1_14' title="bbox 239 1327 1257 1417; baseline 0.001 -28"><span class='ocrx_word' id='word_1_111' title='bbox 239 1337 271 1388; x_wconf 88' lang='lat' dir='ltr'><strong>et</strong></span> <span class='ocrx_word' id='word_1_112' title='bbox 282 1327 336 1390; x_wconf 90' lang='lat' dir='ltr'><strong>illa</strong></span> <span class='ocrx_word' id='word_1_113' title='bbox 348 1329 406 1392; x_wconf 83' lang='lat' dir='ltr'><strong>dos</strong></span> <span class='ocrx_word' id='word_1_114' title='bbox 413 1329 494 1392; x_wconf 91' lang='lat' dir='ltr'><strong>mihi</strong></span> <span class='ocrx_word' id='word_1_115' title='bbox 506 1353 573 1392; x_wconf 90' lang='lat' dir='ltr'><strong>non</strong></span> <span class='ocrx_word' id='word_1_116' title='bbox 582 1330 925 1417; x_wconf 72' lang='lat' dir='ltr'><strong>prodessetadferenda</strong></span> <span class='ocrx_word' id='word_1_117' title='bbox 938 1331 1142 1396; x_wconf 82' lang='lat' dir='ltr'><strong>mattimonii</strong></span> <span class='ocrx_word' id='word_1_118' title='bbox 1155 1347 1257 1392; x_wconf 79' lang='lat' dir='ltr'><strong>onera.</strong></span> 
     </span>
    </p>
   </div>
   <div class='ocr_carea' id='block_1_4' title="bbox 237 1443 1349 1618">
    <p class='ocr_par' dir='ltr' id='par_1_4' title="bbox 237 1443 1349 1618">
     <span class='ocr_line' id='line_1_15' title="bbox 242 1443 1349 1535; baseline -0.009 -20"><span class='ocrx_word' id='word_1_119' title='bbox 242 1461 246 1468; x_wconf 87' lang='lat'>&#39;</span> <span class='ocrx_word' id='word_1_120' title='bbox 278 1459 355 1515; x_wconf 84' lang='lat' dir='ltr'><strong>Sunt</strong></span> <span class='ocrx_word' id='word_1_121' title='bbox 379 1459 409 1514; x_wconf 91' lang='lat' dir='ltr'><strong>in</strong></span> <span class='ocrx_word' id='word_1_122' title='bbox 434 1460 501 1533; x_wconf 85' lang='lat' dir='ltr'><strong>jure</strong></span> <span class='ocrx_word' id='word_1_123' title='bbox 519 1471 626 1517; x_wconf 84' lang='lat' dir='ltr'><strong>nostro</strong></span> <span class='ocrx_word' id='word_1_124' title='bbox 636 1460 815 1517; x_wconf 79' lang='lat' dir='ltr'><strong>donationes</strong></span> <span class='ocrx_word' id='word_1_125' title='bbox 836 1463 883 1518; x_wconf 77' lang='lat' dir='ltr'><strong>vel</strong></span> <span class='ocrx_word' id='word_1_126' title='bbox 901 1474 968 1520; x_wconf 86' lang='lat' dir='ltr'><strong>ante</strong></span> <span class='ocrx_word' id='word_1_127' title='bbox 986 1463 1034 1518; x_wconf 85' lang='lat' dir='ltr'><strong>vel</strong></span> <span class='ocrx_word' id='word_1_128' title='bbox 1056 1472 1126 1535; x_wconf 84' lang='lat' dir='ltr'><strong>post</strong></span> <span class='ocrx_word' id='word_1_129' title='bbox 1146 1455 1258 1531; x_wconf 75' lang='lat' dir='ltr'><strong>nuptias</strong></span> <span class='ocrx_word' id='word_1_130' title='bbox 1348 1443 1349 1480; x_wconf 68' lang='lat'>3</span> 
     </span>
     <span class='ocr_line' id='line_1_16' title="bbox 237 1531 1349 1618; baseline -0.003 -26"><span class='ocrx_word' id='word_1_131' title='bbox 237 1540 402 1613; x_wconf 78' lang='lat' dir='ltr'>permissae,</span> <span class='ocrx_word' id='word_1_132' title='bbox 414 1561 479 1616; x_wconf 83' lang='lat' dir='ltr'><strong>quae</strong></span> <span class='ocrx_word' id='word_1_133' title='bbox 497 1542 544 1597; x_wconf 86' lang='lat' dir='ltr'><strong>vel</strong></span> <span class='ocrx_word' id='word_1_134' title='bbox 562 1541 640 1597; x_wconf 84' lang='lat' dir='ltr'><strong>inter</strong></span> <span class='ocrx_word' id='word_1_135' title='bbox 656 1561 781 1616; x_wconf 87' lang='lat' dir='ltr'><strong>sponsos</strong></span> <span class='ocrx_word' id='word_1_136' title='bbox 793 1543 839 1599; x_wconf 84' lang='lat' dir='ltr'><strong>vel</strong></span> <span class='ocrx_word' id='word_1_137' title='bbox 850 1543 926 1598; x_wconf 82' lang='lat' dir='ltr'><strong>inter</strong></span> <span class='ocrx_word' id='word_1_138' title='bbox 938 1543 1018 1618; x_wconf 80' lang='lat' dir='ltr'><strong>ipsos</strong></span> <span class='ocrx_word' id='word_1_139' title='bbox 1037 1543 1182 1616; x_wconf 81' lang='lat' dir='ltr'><strong>conjuges</strong></span> <span class='ocrx_word' id='word_1_140' title='bbox 1199 1531 1257 1593; x_wconf 83' lang='lat' dir='ltr'><strong>fieri</strong></span> <span class='ocrx_word' id='word_1_141' title='bbox 1348 1561 1349 1568; x_wconf 46' lang='lat'>¹</span> 
     </span>
    </p>
   </div>
   <div class='ocr_carea' id='block_1_5' title="bbox 235 1615 1349 1766">
    <p class='ocr_par' dir='ltr' id='par_1_5' title="bbox 235 1615 1349 1766">
     <span class='ocr_line' id='line_1_17' title="bbox 235 1615 1349 1757; baseline 0.022 -83"><span class='ocrx_word' id='word_1_142' title='bbox 235 1635 371 1757; x_wconf 49' lang='lat' dir='ltr'><strong>{ossunt</strong></span> <span class='ocrx_word' id='word_1_143' title='bbox 395 1624 467 1680; x_wconf 85' lang='lat' dir='ltr'><strong>Cod.</strong></span> <span class='ocrx_word' id='word_1_144' title='bbox 479 1625 561 1698; x_wconf 80' lang='lat' dir='ltr'><strong>Nep.</strong></span> <span class='ocrx_word' id='word_1_145' title='bbox 574 1637 628 1682; x_wconf 83' lang='lat' dir='ltr'><strong>art.</strong></span> <span class='ocrx_word' id='word_1_146' title='bbox 640 1643 703 1700; x_wconf 79' lang='lat'><strong>‘⁰9¹</strong></span> <span class='ocrx_word' id='word_1_147' title='bbox 719 1637 749 1682; x_wconf 82' lang='lat' dir='ltr'><strong>et</strong></span> <span class='ocrx_word' id='word_1_148' title='bbox 757 1643 837 1700; x_wconf 79' lang='lat' dir='ltr'><strong>seqq.</strong></span> <span class='ocrx_word' id='word_1_149' title='bbox 852 1625 910 1683; x_wconf 73' lang='lat' dir='ltr'><strong>sed</strong></span> <span class='ocrx_word' id='word_1_150' title='bbox 931 1625 990 1681; x_wconf 84' lang='lat' dir='ltr'><strong>alio</strong></span> <span class='ocrx_word' id='word_1_151' title='bbox 1003 1624 1096 1681; x_wconf 87' lang='lat' dir='ltr'><strong>modo</strong></span> <span class='ocrx_word' id='word_1_152' title='bbox 1109 1641 1172 1699; x_wconf 79' lang='lat' dir='ltr'><strong>qu⁰</strong></span> <span class='ocrx_word' id='word_1_153' title='bbox 1184 1615 1258 1695; x_wconf 68' lang='lat' dir='ltr'><strong>apud</strong></span> <span class='ocrx_word' id='word_1_154' title='bbox 1348 1637 1349 1702; x_wconf 61' lang='lat' dir='ltr'><strong>l</strong></span> 
     </span>
     <span class='ocr_line' id='line_1_18' title="bbox 266 1721 1155 1766; baseline 0.01 -9"><span class='ocrx_word' id='word_1_155' title='bbox 266 1721 398 1762; x_wconf 86' lang='lat' dir='ltr'><strong>omanus.</strong></span> <span class='ocrx_word' id='word_1_156' title='bbox 1150 1761 1155 1766; x_wconf 86' lang='lat'>.</span> 
     </span>
    </p>
   </div>
   <div class='ocr_carea' id='block_1_6' title="bbox 489 1973 1008 2059">
    <p class='ocr_par' dir='ltr' id='par_1_6' title="bbox 489 1973 1008 2059">
     <span class='ocr_line' id='line_1_19' title="bbox 489 1973 1008 2059; baseline 0 -3"><span class='ocrx_word' id='word_1_157' title='bbox 489 1973 818 2058; x_wconf 89' lang='lat' dir='ltr'><strong>TITULUS</strong></span> <span class='ocrx_word' id='word_1_158' title='bbox 855 1973 1008 2059; x_wconf 88' lang='lat' dir='ltr'><strong>VIII.</strong></span> 
     </span>
    </p>
   </div>
   <div class='ocr_carea' id='block_1_7' title="bbox 417 2151 1093 2249">
    <p class='ocr_par' dir='ltr' id='par_1_7' title="bbox 417 2151 1093 2249">
     <span class='ocr_line' id='line_1_20' title="bbox 417 2151 1093 2249; baseline -0.003 -23"><span class='ocrx_word' id='word_1_159' title='bbox 417 2151 574 2249; x_wconf 78' lang='lat' dir='ltr'><strong>Quibus</strong></span> <span class='ocrx_word' id='word_1_160' title='bbox 601 2153 776 2227; x_wconf 66' lang='lat' dir='ltr'><strong>alienove</strong></span> <span class='ocrx_word' id='word_1_161' title='bbox 800 2157 891 2228; x_wconf 79' lang='lat' dir='ltr'><strong>licet</strong></span> <span class='ocrx_word' id='word_1_162' title='bbox 913 2156 977 2230; x_wconf 75' lang='lat' dir='ltr'><strong>vel</strong></span> <span class='ocrx_word' id='word_1_163' title='bbox 997 2181 1093 2228; x_wconf 79' lang='lat' dir='ltr'><strong>non.</strong></span> 
     </span>
    </p>
   </div>
   <div class='ocr_carea' id='block_1_8' title="bbox 570 2323 919 2408">
    <p class='ocr_par' dir='ltr' id='par_1_8' title="bbox 570 2323 919 2408">
     <span class='ocr_line' id='line_1_21' title="bbox 570 2323 919 2408; baseline -0.009 -19"><span class='ocrx_word' id='word_1_164' title='bbox 570 2325 601 2408; x_wconf 78' lang='lat'><strong>§-</strong></span> <span class='ocrx_word' id='word_1_165' title='bbox 631 2323 919 2392; x_wconf 77' lang='lat' dir='ltr'><strong>cououxtv.</strong></span> 
     </span>
    </p>
   </div>
   <div class='ocr_carea' id='block_1_9' title="bbox 28 2435 1252 3972">
    <p class='ocr_par' dir='ltr' id='par_1_9' title="bbox 28 2435 1252 3972">
     <span class='ocr_line' id='line_1_22' title="bbox 237 2435 1251 2564; baseline -0.006 -22"><span class='ocrx_word' id='word_1_166' title='bbox 237 2435 415 2552; x_wconf 65' lang='lat' dir='ltr'><strong>SEQUIT</strong></span> <span class='ocrx_word' id='word_1_167' title='bbox 422 2493 480 2540; x_wconf 58' lang='lat'>1111&lt;</span> <span class='ocrx_word' id='word_1_168' title='bbox 497 2475 609 2540; x_wconf 85' lang='lat' dir='ltr'><strong>titulus</strong></span> <span class='ocrx_word' id='word_1_169' title='bbox 625 2477 665 2540; x_wconf 89' lang='lat' dir='ltr'><strong>de</strong></span> <span class='ocrx_word' id='word_1_170' title='bbox 682 2477 755 2562; x_wconf 84' lang='lat' dir='ltr'><strong>jure</strong></span> <span class='ocrx_word' id='word_1_171' title='bbox 770 2475 947 2556; x_wconf 87' lang='lat' dir='ltr'><strong>alienandi,</strong></span> <span class='ocrx_word' id='word_1_172' title='bbox 962 2477 997 2541; x_wconf 91' lang='lat' dir='ltr'><strong>in</strong></span> <span class='ocrx_word' id='word_1_173' title='bbox 1016 2497 1083 2564; x_wconf 83' lang='lat' dir='ltr'><strong>quo</strong></span> <span class='ocrx_word' id='word_1_174' title='bbox 1102 2489 1135 2544; x_wconf 86' lang='lat' dir='ltr'><strong>et</strong></span> <span class='ocrx_word' id='word_1_175' title='bbox 1146 2473 1251 2561; x_wconf 85' lang='lat' dir='ltr'><strong>regula</strong></span> 
     </span>
     <span class='ocr_line' id='line_1_23' title="bbox 232 2565 1250 2653; baseline -0.006 -22"><span class='ocrx_word' id='word_1_176' title='bbox 232 2565 376 2632; x_wconf 87' lang='lat' dir='ltr'><strong>notanda</strong></span> <span class='ocrx_word' id='word_1_177' title='bbox 388 2576 420 2630; x_wconf 80' lang='lat' dir='ltr'><strong>et</strong></span> <span class='ocrx_word' id='word_1_178' title='bbox 434 2565 506 2638; x_wconf 77' lang='lat' dir='ltr'><strong>duaa</strong></span> <span class='ocrx_word' id='word_1_179' title='bbox 517 2567 733 2653; x_wconf 76' lang='lat' dir='ltr'><strong>exceptiones.</strong></span> <span class='ocrx_word' id='word_1_180' title='bbox 748 2566 884 2653; x_wconf 78' lang='lat' dir='ltr'><strong>Regulo</strong></span> <span class='ocrx_word' id='word_1_181' title='bbox 896 2578 962 2645; x_wconf 85' lang='lat' dir='ltr'><strong>est,</strong></span> <span class='ocrx_word' id='word_1_182' title='bbox 973 2567 1136 2632; x_wconf 76' lang='lat' dir='ltr'><strong>dominata</strong></span> <span class='ocrx_word' id='word_1_183' title='bbox 1145 2571 1250 2652; x_wconf 79' lang='lat' dir='ltr'><strong>puteal</strong></span> 
     </span>
     <span class='ocr_line' id='line_1_24' title="bbox 236 2652 1252 2725; baseline -0.004 -5"><span class='ocrx_word' id='word_1_184' title='bbox 236 2680 308 2724; x_wconf 85' lang='lat' dir='ltr'><strong>rem</strong></span> <span class='ocrx_word' id='word_1_185' title='bbox 323 2678 426 2718; x_wconf 77' lang='lat' dir='ltr'><strong>auom</strong></span> <span class='ocrx_word' id='word_1_186' title='bbox 446 2654 607 2725; x_wconf 70' lang='lat' dir='ltr'><strong>alienare.</strong></span> <span class='ocrx_word' id='word_1_187' title='bbox 629 2654 719 2718; x_wconf 88' lang='lat' dir='ltr'><strong>Fluit</strong></span> <span class='ocrx_word' id='word_1_188' title='bbox 735 2655 824 2720; x_wconf 86' lang='lat' dir='ltr'><strong>enim</strong></span> <span class='ocrx_word' id='word_1_189' title='bbox 842 2653 876 2718; x_wconf 88' lang='lat' dir='ltr'><strong>id</strong></span> <span class='ocrx_word' id='word_1_190' title='bbox 896 2677 940 2719; x_wconf 82' lang='lat' dir='ltr'><strong>ex</strong></span> <span class='ocrx_word' id='word_1_191' title='bbox 954 2667 1070 2720; x_wconf 79' lang='lat' dir='ltr'><strong>namra</strong></span> <span class='ocrx_word' id='word_1_192' title='bbox 1089 2669 1124 2719; x_wconf 87' lang='lat' dir='ltr'><strong>et</strong></span> <span class='ocrx_word' id='word_1_193' title='bbox 1144 2652 1252 2720; x_wconf 87' lang='lat' dir='ltr'><strong>delini-</strong></span> 
     </span>
     <span class='ocr_line' id='line_1_25' title="bbox 231 2741 1250 2831; baseline -0.006 -21"><span class='ocrx_word' id='word_1_194' title='bbox 231 2746 319 2810; x_wconf 80' lang='lat' dir='ltr'><strong>tione</strong></span> <span class='ocrx_word' id='word_1_195' title='bbox 348 2742 495 2816; x_wconf 81' lang='lat' dir='ltr'><strong>dominii.</strong></span> <span class='ocrx_word' id='word_1_196' title='bbox 520 2742 609 2806; x_wconf 88' lang='lat' dir='ltr'><strong>Nam</strong></span> <span class='ocrx_word' id='word_1_197' title='bbox 631 2765 727 2831; x_wconf 82' lang='lat' dir='ltr'><strong>supra</strong></span> <span class='ocrx_word' id='word_1_198' title='bbox 751 2744 782 2830; x_wconf 83' lang='lat'><strong>§.</strong></span> <span class='ocrx_word' id='word_1_199' title='bbox 802 2743 1050 2824; x_wconf 67' lang='lat' dir='ltr'><strong>IIS-diximus,</strong></span> <span class='ocrx_word' id='word_1_200' title='bbox 1073 2741 1250 2809; x_wconf 84' lang='lat' dir='ltr'><strong>dominium</strong></span> 
     </span>
     <span class='ocr_line' id='line_1_26' title="bbox 231 2827 1249 2923; baseline -0.008 -23"><span class='ocrx_word' id='word_1_201' title='bbox 231 2856 296 2900; x_wconf 86' lang='lat' dir='ltr'><strong>esse</strong></span> <span class='ocrx_word' id='word_1_202' title='bbox 311 2833 363 2916; x_wconf 83' lang='lat' dir='ltr'><strong>jus</strong></span> <span class='ocrx_word' id='word_1_203' title='bbox 376 2833 411 2897; x_wconf 86' lang='lat' dir='ltr'><strong>in</strong></span> <span class='ocrx_word' id='word_1_204' title='bbox 426 2855 461 2896; x_wconf 82' lang='lat' dir='ltr'><strong>re</strong></span> <span class='ocrx_word' id='word_1_205' title='bbox 476 2831 656 2918; x_wconf 82' lang='lat' dir='ltr'><strong>corporali,</strong></span> <span class='ocrx_word' id='word_1_206' title='bbox 671 2853 714 2896; x_wconf 88' lang='lat' dir='ltr'><strong>ex</strong></span> <span class='ocrx_word' id='word_1_207' title='bbox 730 2853 796 2918; x_wconf 88' lang='lat' dir='ltr'><strong>qno</strong></span> <span class='ocrx_word' id='word_1_208' title='bbox 812 2831 946 2897; x_wconf 77' lang='lat' dir='ltr'><strong>facultas</strong></span> <span class='ocrx_word' id='word_1_209' title='bbox 965 2834 1004 2900; x_wconf 91' lang='lat' dir='ltr'><strong>de</strong></span> <span class='ocrx_word' id='word_1_210' title='bbox 1015 2854 1052 2897; x_wconf 87' lang='lat' dir='ltr'><strong>ea</strong></span> <span class='ocrx_word' id='word_1_211' title='bbox 1065 2827 1249 2923; x_wconf 83' lang='lat' dir='ltr'><strong>disponendi</strong></span> 
     </span>
     <span class='ocr_line' id='line_1_27' title="bbox 231 2919 1251 3008; baseline -0.006 -20"><span class='ocrx_word' id='word_1_212' title='bbox 231 2945 369 3008; x_wconf 90' lang='lat' dir='ltr'><strong>eamque</strong></span> <span class='ocrx_word' id='word_1_213' title='bbox 384 2919 571 2985; x_wconf 85' lang='lat' dir='ltr'><strong>vindicandi</strong></span> <span class='ocrx_word' id='word_1_214' title='bbox 588 2921 743 2985; x_wconf 85' lang='lat' dir='ltr'><strong>nascitur.</strong></span> <span class='ocrx_word' id='word_1_215' title='bbox 763 2921 797 2984; x_wconf 82' lang='lat' dir='ltr'><strong>Si</strong></span> <span class='ocrx_word' id='word_1_216' title='bbox 812 2944 890 3006; x_wconf 81' lang='lat' dir='ltr'><strong>ergo</strong></span> <span class='ocrx_word' id='word_1_217' title='bbox 909 2923 1083 3007; x_wconf 78' lang='lat' dir='ltr'><strong>conjuncta</strong></span> <span class='ocrx_word' id='word_1_218' title='bbox 1104 2945 1181 2986; x_wconf 88' lang='lat' dir='ltr'><strong>oum</strong></span> <span class='ocrx_word' id='word_1_219' title='bbox 1195 2919 1251 2982; x_wconf 88' lang='lat' dir='ltr'><strong>do·</strong></span> 
     </span>
     <span class='ocr_line' id='line_1_28' title="bbox 231 3007 1250 3100; baseline -0.004 -22"><span class='ocrx_word' id='word_1_220' title='bbox 231 3011 335 3078; x_wconf 83' lang='lat' dir='ltr'><strong>minio</strong></span> <span class='ocrx_word' id='word_1_221' title='bbox 349 3022 395 3074; x_wconf 83' lang='lat' dir='ltr'><strong>est</strong></span> <span class='ocrx_word' id='word_1_222' title='bbox 409 3007 545 3072; x_wconf 73' lang='lat' dir='ltr'><strong>facultas</strong></span> <span class='ocrx_word' id='word_1_223' title='bbox 561 3008 658 3073; x_wconf 87' lang='lat' dir='ltr'><strong>libere</strong></span> <span class='ocrx_word' id='word_1_224' title='bbox 676 3010 716 3074; x_wconf 88' lang='lat' dir='ltr'><strong>de</strong></span> <span class='ocrx_word' id='word_1_225' title='bbox 727 3033 762 3074; x_wconf 83' lang='lat' dir='ltr'><strong>re</strong></span> <span class='ocrx_word' id='word_1_226' title='bbox 776 3033 831 3075; x_wconf 88' lang='lat' dir='ltr'><strong>sua</strong></span> <span class='ocrx_word' id='word_1_227' title='bbox 846 3011 1053 3100; x_wconf 85' lang='lat' dir='ltr'><strong>disponendi,</strong></span> <span class='ocrx_word' id='word_1_228' title='bbox 1065 3009 1166 3080; x_wconf 75' lang='lat' dir='ltr'><strong>tacite</strong></span> <span class='ocrx_word' id='word_1_229' title='bbox 1181 3027 1250 3074; x_wconf 77' lang='lat' dir='ltr'><strong>sane</strong></span> 
     </span>
     <span class='ocr_line' id='line_1_29' title="bbox 230 3097 1249 3178; baseline -0.008 -12"><span class='ocrx_word' id='word_1_230' title='bbox 230 3102 272 3166; x_wconf 87' lang='lat' dir='ltr'><strong>ad</strong></span> <span class='ocrx_word' id='word_1_231' title='bbox 297 3112 384 3178; x_wconf 86' lang='lat' dir='ltr'><strong>aret,</strong></span> <span class='ocrx_word' id='word_1_232' title='bbox 403 3099 500 3162; x_wconf 87' lang='lat' dir='ltr'><strong>licere</strong></span> <span class='ocrx_word' id='word_1_233' title='bbox 516 3097 615 3162; x_wconf 85' lang='lat' dir='ltr'><strong>etiam</strong></span> <span class='ocrx_word' id='word_1_234' title='bbox 632 3097 661 3162; x_wconf 90' lang='lat' dir='ltr'><strong>ei</strong></span> <span class='ocrx_word' id='word_1_235' title='bbox 677 3099 817 3164; x_wconf 84' lang='lat' dir='ltr'><strong>alienare</strong></span> <span class='ocrx_word' id='word_1_236' title='bbox 831 3121 904 3164; x_wconf 86' lang='lat' dir='ltr'><strong>rem</strong></span> <span class='ocrx_word' id='word_1_237' title='bbox 916 3123 1020 3164; x_wconf 86' lang='lat' dir='ltr'><strong>suam.</strong></span> <span class='ocrx_word' id='word_1_238' title='bbox 1034 3099 1199 3166; x_wconf 70' lang='lat' dir='ltr'><strong>lleindeet</strong></span> <span class='ocrx_word' id='word_1_239' title='bbox 1211 3116 1249 3160; x_wconf 83' lang='lat' dir='ltr'><strong>ex</strong></span> 
     </span>
     <span class='ocr_line' id='line_1_30' title="bbox 231 3125 1249 3276; baseline -0.004 -21"><span class='ocrx_word' id='word_1_240' title='bbox 231 3125 418 3254; x_wconf 51' lang='lat' dir='ltr'><strong>definitione</strong></span> <span class='ocrx_word' id='word_1_241' title='bbox 433 3187 632 3252; x_wconf 80' lang='lat' dir='ltr'><strong>alienationis</strong></span> <span class='ocrx_word' id='word_1_242' title='bbox 642 3187 713 3252; x_wconf 81' lang='lat' dir='ltr'><strong>haec</strong></span> <span class='ocrx_word' id='word_1_243' title='bbox 721 3189 836 3274; x_wconf 85' lang='lat' dir='ltr'><strong>regula</strong></span> <span class='ocrx_word' id='word_1_244' title='bbox 850 3211 955 3276; x_wconf 82' lang='lat' dir='ltr'><strong>prono</strong></span> <span class='ocrx_word' id='word_1_245' title='bbox 966 3190 1058 3254; x_wconf 84' lang='lat' dir='ltr'><strong>alveo</strong></span> <span class='ocrx_word' id='word_1_246' title='bbox 1067 3183 1149 3255; x_wconf 84' lang='lat' dir='ltr'><strong>fluit.</strong></span> <span class='ocrx_word' id='word_1_247' title='bbox 1163 3187 1249 3257; x_wconf 83' lang='lat' dir='ltr'><strong>Alie·</strong></span> 
     </span>
     <span class='ocr_line' id='line_1_31' title="bbox 230 3275 1247 3344; baseline -0.002 0"><span class='ocrx_word' id='word_1_248' title='bbox 230 3299 309 3344; x_wconf 85' lang='lat' dir='ltr'><strong>nare</strong></span> <span class='ocrx_word' id='word_1_249' title='bbox 323 3275 411 3341; x_wconf 84' lang='lat' dir='ltr'><strong>enim</strong></span> <span class='ocrx_word' id='word_1_250' title='bbox 428 3287 474 3340; x_wconf 84' lang='lat' dir='ltr'><strong>est</strong></span> <span class='ocrx_word' id='word_1_251' title='bbox 492 3275 642 3342; x_wconf 82' lang='lat' dir='ltr'><strong>abdicare</strong></span> <span class='ocrx_word' id='word_1_252' title='bbox 661 3299 693 3341; x_wconf 89' lang='lat' dir='ltr'><strong>se</strong></span> <span class='ocrx_word' id='word_1_253' title='bbox 706 3275 852 3341; x_wconf 87' lang='lat' dir='ltr'><strong>dominio</strong></span> <span class='ocrx_word' id='word_1_254' title='bbox 865 3301 924 3342; x_wconf 85' lang='lat' dir='ltr'><strong>suo</strong></span> <span class='ocrx_word' id='word_1_255' title='bbox 940 3291 972 3343; x_wconf 86' lang='lat' dir='ltr'><strong>et</strong></span> <span class='ocrx_word' id='word_1_256' title='bbox 988 3279 1071 3343; x_wconf 90' lang='lat' dir='ltr'><strong>illud</strong></span> <span class='ocrx_word' id='word_1_257' title='bbox 1085 3275 1247 3344; x_wconf 78' lang='lat' dir='ltr'><strong>transferre</strong></span> 
     </span>
     <span class='ocr_line' id='line_1_32' title="bbox 231 3364 1248 3455; baseline -0.008 -22"><span class='ocrx_word' id='word_1_258' title='bbox 231 3369 266 3433; x_wconf 88' lang='lat' dir='ltr'><strong>in</strong></span> <span class='ocrx_word' id='word_1_259' title='bbox 289 3367 402 3431; x_wconf 86' lang='lat' dir='ltr'><strong>alium.</strong></span> <span class='ocrx_word' id='word_1_260' title='bbox 417 3364 524 3452; x_wconf 85' lang='lat' dir='ltr'><strong>Atqui</strong></span> <span class='ocrx_word' id='word_1_261' title='bbox 538 3365 572 3428; x_wconf 90' lang='lat' dir='ltr'><strong>id</strong></span> <span class='ocrx_word' id='word_1_262' title='bbox 588 3387 686 3428; x_wconf 87' lang='lat' dir='ltr'><strong>nemo</strong></span> <span class='ocrx_word' id='word_1_263' title='bbox 698 3377 933 3455; x_wconf 79' lang='lat' dir='ltr'><strong>potestjpraeter</strong></span> <span class='ocrx_word' id='word_1_264' title='bbox 943 3367 1136 3447; x_wconf 88' lang='lat' dir='ltr'><strong>dominum,</strong></span> <span class='ocrx_word' id='word_1_265' title='bbox 1151 3385 1248 3454; x_wconf 86' lang='lat' dir='ltr'><strong>quum</strong></span> 
     </span>
     <span class='ocr_line' id='line_1_33' title="bbox 229 3453 1246 3540; baseline -0.008 -18"><span class='ocrx_word' id='word_1_266' title='bbox 229 3456 435 3532; x_wconf 87' lang='lat' dir='ltr'><strong>dominium,</strong></span> <span class='ocrx_word' id='word_1_267' title='bbox 455 3453 543 3539; x_wconf 90' lang='lat' dir='ltr'><strong>quod</strong></span> <span class='ocrx_word' id='word_1_268' title='bbox 558 3455 629 3540; x_wconf 88' lang='lat' dir='ltr'><strong>quis</strong></span> <span class='ocrx_word' id='word_1_269' title='bbox 642 3471 711 3518; x_wconf 88' lang='lat' dir='ltr'><strong>non</strong></span> <span class='ocrx_word' id='word_1_270' title='bbox 729 3454 848 3535; x_wconf 81' lang='lat' dir='ltr'><strong>habet,</strong></span> <span class='ocrx_word' id='word_1_271' title='bbox 862 3456 908 3520; x_wconf 77' lang='lat' dir='ltr'><strong>‘in</strong></span> <span class='ocrx_word' id='word_1_272' title='bbox 930 3456 1069 3522; x_wconf 76' lang='lat' dir='ltr'><strong>allatum</strong></span> <span class='ocrx_word' id='word_1_273' title='bbox 1084 3453 1246 3522; x_wconf 80' lang='lat' dir='ltr'><strong>transferre</strong></span> 
     </span>
     <span class='ocr_line' id='line_1_34' title="bbox 226 3541 1244 3635; baseline -0.009 -24"><span class='ocrx_word' id='word_1_274' title='bbox 226 3545 363 3611; x_wconf 90' lang='lat' dir='ltr'><strong>omnino</strong></span> <span class='ocrx_word' id='word_1_275' title='bbox 375 3565 444 3606; x_wconf 91' lang='lat' dir='ltr'><strong>non</strong></span> <span class='ocrx_word' id='word_1_276' title='bbox 457 3541 564 3630; x_wconf 71' lang='lat' dir='ltr'><strong>possit.</strong></span> <span class='ocrx_word' id='word_1_277' title='bbox 577 3543 661 3610; x_wconf 83' lang='lat' dir='ltr'><strong>Haeu</strong></span> <span class='ocrx_word' id='word_1_278' title='bbox 673 3543 781 3630; x_wconf 87' lang='lat' dir='ltr'><strong>itaque</strong></span> <span class='ocrx_word' id='word_1_279' title='bbox 796 3555 841 3609; x_wconf 87' lang='lat' dir='ltr'><strong>est</strong></span> <span class='ocrx_word' id='word_1_280' title='bbox 861 3545 971 3635; x_wconf 80' lang='lat' dir='ltr'><strong>regula</strong></span> <span class='ocrx_word' id='word_1_281' title='bbox 984 3559 1037 3630; x_wconf 85' lang='lat' dir='ltr'><strong>:at</strong></span> <span class='ocrx_word' id='word_1_282' title='bbox 1053 3547 1109 3611; x_wconf 89' lang='lat' dir='ltr'><strong>illa</strong></span> <span class='ocrx_word' id='word_1_283' title='bbox 1130 3542 1244 3634; x_wconf 84' lang='lat' dir='ltr'><strong>patitur</strong></span> 
     </span>
     <span class='ocr_line' id='line_1_35' title="bbox 228 3631 1244 3722; baseline -0.004 -23"><span class='ocrx_word' id='word_1_284' title='bbox 228 3636 308 3700; x_wconf 86' lang='lat' dir='ltr'><strong>duas</strong></span> <span class='ocrx_word' id='word_1_285' title='bbox 322 3631 547 3718; x_wconf 79' lang='lat' dir='ltr'><strong>exceptiones,</strong></span> <span class='ocrx_word' id='word_1_286' title='bbox 568 3631 608 3696; x_wconf 87' lang='lat' dir='ltr'><strong>de</strong></span> <span class='ocrx_word' id='word_1_287' title='bbox 625 3631 741 3718; x_wconf 84' lang='lat' dir='ltr'><strong>quibus</strong></span> <span class='ocrx_word' id='word_1_288' title='bbox 753 3632 787 3697; x_wconf 90' lang='lat' dir='ltr'><strong>h.</strong></span> <span class='ocrx_word' id='word_1_289' title='bbox 807 3644 831 3696; x_wconf 86' lang='lat' dir='ltr'><strong>t.</strong></span> <span class='ocrx_word' id='word_1_290' title='bbox 848 3637 974 3720; x_wconf 85' lang='lat' dir='ltr'><strong>agitur,</strong></span> <span class='ocrx_word' id='word_1_291' title='bbox 989 3657 1131 3722; x_wconf 79' lang='lat' dir='ltr'><strong>quasque</strong></span> <span class='ocrx_word' id='word_1_292' title='bbox 1144 3632 1244 3698; x_wconf 79' lang='lat' dir='ltr'><strong>Theo-</strong></span> 
     </span>
     <span class='ocr_line' id='line_1_36' title="bbox 190 3719 1245 3816; baseline -0.009 -28"><span class='ocrx_word' id='word_1_293' title='bbox 190 3788 194 3794; x_wconf 75' lang='lat'>,</span> <span class='ocrx_word' id='word_1_294' title='bbox 233 3723 344 3816; x_wconf 85' lang='lat' dir='ltr'><strong>philus</strong></span> <span class='ocrx_word' id='word_1_295' title='bbox 366 3721 400 3786; x_wconf 93' lang='lat' dir='ltr'><strong>in</strong></span> <span class='ocrx_word' id='word_1_296' title='bbox 422 3719 635 3807; x_wconf 75' lang='lat' dir='ltr'><strong>paraphrasi</strong></span> <span class='ocrx_word' id='word_1_297' title='bbox 651 3723 741 3788; x_wconf 76' lang='lat' dir='ltr'><strong>Inat.</strong></span> <span class='ocrx_word' id='word_1_298' title='bbox 757 3722 791 3788; x_wconf 78' lang='lat' dir='ltr'><strong>lt.</strong></span> <span class='ocrx_word' id='word_1_299' title='bbox 816 3733 841 3787; x_wconf 81' lang='lat' dir='ltr'><strong>t.</strong></span> <span class='ocrx_word' id='word_1_300' title='bbox 861 3745 928 3786; x_wconf 86' lang='lat' dir='ltr'><strong>non</strong></span> <span class='ocrx_word' id='word_1_301' title='bbox 949 3725 1145 3811; x_wconf 84' lang='lat' dir='ltr'><strong>ineleganter</strong></span> <span class='ocrx_word' id='word_1_302' title='bbox 1160 3725 1245 3792; x_wconf 78' lang='lat' dir='ltr'><strong>vocat</strong></span> 
     </span>
     <span class='ocr_line' id='line_1_37' title="bbox 28 3747 1240 3972; baseline -0.007 -90"><span class='ocrx_word' id='word_1_303' title='bbox 28 3747 32 3972; x_wconf 43' lang='lat' dir='ltr'><strong>i</strong></span> <span class='ocrx_word' id='word_1_304' title='bbox 227 3813 369 3900; x_wconf 63' lang='grc' dir='ltr'><strong>παράδοξα</strong></span> <span class='ocrx_word' id='word_1_305' title='bbox 382 3809 514 3890; x_wconf 65' lang='grc' dir='ltr'><strong>θέματα,</strong></span> <span class='ocrx_word' id='word_1_306' title='bbox 521 3810 716 3898; x_wconf 73' lang='lat' dir='ltr'><strong>positiones</strong></span> <span class='ocrx_word' id='word_1_307' title='bbox 735 3809 948 3902; x_wconf 72' lang='lat' dir='ltr'><strong>paradoxae.</strong></span> <span class='ocrx_word' id='word_1_308' title='bbox 964 3809 1101 3904; x_wconf 62' lang='lat' dir='ltr'><strong>&#39;Nempe</strong></span> <span class='ocrx_word' id='word_1_309' title='bbox 1117 3828 1168 3878; x_wconf 84' lang='lat'><strong>·1⁰.</strong></span> <span class='ocrx_word' id='word_1_310' title='bbox 1187 3805 1240 3874; x_wconf 86' lang='lat' dir='ltr'><strong>ali·</strong></span> 
     </span>
    </p>
   </div>
   <div class='ocr_carea' id='block_1_10' title="bbox 28 4047 33 4119">
    <p class='ocr_par' dir='ltr' id='par_1_10' title="bbox 28 4021 33 4119">
     <span class='ocr_line' id='line_1_38' title="bbox 28 4047 33 4119; baseline 0 0"><span class='ocrx_word' id='word_1_311' title='bbox 28 4047 33 4119; x_wconf 68' lang='lat' dir='ltr'><strong>t</strong></span> 
     </span>
    </p>
   </div>
   <div class='ocr_carea' id='block_1_11' title="bbox 0 0 1382 4504">
    <p class='ocr_par' dir='ltr' id='par_1_11' title="bbox 0 0 1382 4504">
     <span class='ocr_line' id='line_1_39' title="bbox 0 0 1382 4504; baseline 0 3"><span class='ocrx_word' id='word_1_312' title='bbox 0 0 1382 4504; x_wconf 95' lang='lat' dir='ltr'><strong> </strong></span> 
     </span>
    </p>
   </div>
  </div>
 </body>
</html>
