2756 4504
212 323 276 394 Du
290 326 396 396 ΗΕΒ.
411 327 510 400 DIV·
523 329 584 399 ET
598 329 749 421 ADQU.
762 330 872 401 EAR.
889 327 1055 398 DOMIN.
1085 325 1160 394 5611

127 433 264 524 ‘aliquod
285 438 450 520 vindicat,
469 453 667 517 nascuntur,
685 455 742 508 aut
758 443 794 508 in
809 440 912 520 mari,
928 439 963 504 in
978 437 1066 526 quod
1084 459 1154 502 res-

128 525 262 681 publica
282 540 413 594 exercet
432 529 619 617 hujusmodi
641 532 871 608 summonte.
897 529 1009 594 Priore
1028 548 1103 592 casu
1122 537 1158 590 et·

155 613 229 680 odie
248 637 333 684 nova
353 619 458 684 insula
480 621 571 686 cedet
592 616 846 705 occupantibus,
869 641 960 705 aeque
979 639 1017 681 ac
1040 615 1155 680 insulse
1213 639 1215 650 ·

129 701 266 770 incultae
282 718 315 771 et
332 707 455 772 colonia
474 729 609 790 vacuae,
628 706 715 774 unde
736 716 822 771 recte
835 705 952 772 Batavi
961 705 1028 771 'sibi
1044 703 1157 771 vindi·-

129 804 252 858 earunt
266 793 406 860 insulam
426 797 460 862 S.
482 799 640 880 Helenae,
658 807 759 884 quam
777 793 936 860 incultam
958 803 1156 884 repererant.

128 881 313 950 Posteriore
330 908 406 950 casu
425 909 511 954 nova
526 887 630 953 insula
647 899 818 971 tamquam
834 884 1047 950 accessorium
1066 881 1158 946 cedet

129 967 183 1054 ei,
200 971 294 1060 cujus
308 986 354 1039 est
367 975 561 1065 principale,
570 987 652 1081 puta
663 995 765 1038 mare.
781 981 825 1037 2⁰.
844 973 960 1038 Insulae
974 971 1157 1037 influmine
1218 981 1223 991 “

128 1059 230 1126 hodie
243 1083 311 1126 non
327 1065 446 1130 cedunt
461 1065 609 1154 privatis,
627 1065 683 1152 qui
698 1084 792 1148 agros
811 1061 852 1126 ad
868 1059 1042 1150 utramque
1050 1061 1169 1149 ripam

131 1149 320 1236 possident,
339 1153 393 1218 sed
409 1154 550 1244 principi
564 1156 616 1222 vel
634 1151 819 1241 reipublicae
826 1200 839 1230 ,
854 1153 946 1240 cujus
960 1163 1007 1217 est
1019 1149 1157 1214 flumen.

130 1237 249 1322 5528.
261 1241 486 1309 Potesttamen
497 1243 628 1322 decisio,
637 1262 737 1331 quarn
749 1242 778 1325 5.
791 1241 853 1318 557
864 1241 1028 1320 dedimus,
1041 1239 1163 1304 etiam*

133 1347 219 1393 num
238 1351 334 1394 usum
349 1331 525 1414 habere,si
542 1332 644 1397 insula
657 1334 691 1396 in
707 1329 843 1394 flumine
860 1330 1026 1395 limitanea
1045 1349 1161 1392 nasca-

133 1425 202 1480 tur.
219 1417 259 1481 E.
277 1441 310 1505 g.
327 1419 423 1486 Albis
439 1433 485 1486 est
496 1421 589 1488 limes
606 1417 724 1486 alicubi
737 1418 822 1484 inter
834 1431 933 1483 terras
949 1415 1159 1502 Luneburgi-

133 1525 188 1570 cas
210 1516 244 1572 ct
264 1507 551 1597 Brandeburgicas.
572 1510 608 1577 Si
629 1509 740 1597 itaque
756 1508 792 1571 in
813 1507 893 1574 Albi
917 1507 1024 1572 medio
1046 1527 1159 1571 nasca-
1278 1507 1282 1512 ’

133 1603 191 1658 tur
209 1617 297 1663 nova
313 1597 437 1680 insula,
450 1601 505 1665 illa
521 1599 582 1666 erit
597 1597 789 1664 communis.
810 1597 868 1661 Sin
882 1597 937 1661 illa
956 1597 996 1660 sit
1011 1593 1159 1661 alterutri

132 1683 217 1772 ripoe
232 1687 386 1775 propior,
403 1691 453 1754 vel
470 1690 540 1776 regi
556 1688 690 1755 Prussiae
708 1687 759 1754 vel
774 1686 905 1752 electori
924 1684 1157 1770 Luneburgico

132 1781 204 1837 tota
222 1775 323 1840 cedet.
340 1777 381 1841 In
401 1777 534 1844 Geldria
553 1790 743 1867 receptum,
763 1787 801 1840 ut
815 1797 909 1842 novoe
926 1776 1038 1840 insulae
1054 1796 1072 1837 a
1089 1771 1162 1861 pri-

131 1860 216 1928 vatis
234 1865 357 1952 possint
372 1867 545 1957 occupari,
565 1868 706 1933 sednon
726 1865 790 1929 sint
811 1887 1001 1930 communes
1020 1864 1079 1942 iis,
1102 1859 1160 1948 qui

129 1949 299 2040 utrimque
321 1956 442 2044 praedia
468 1955 639 2046 possident.
662 1955 730 2042 Qui
756 1975 834 2040 ergo
852 1954 942 2042 prior
959 1975 1019 2044 per
1033 1951 1160 2016 flumen

129 2059 236 2106 curru
251 2055 362 2108 vectus
371 2045 407 2110 in
414 2045 555 2110 insulam
562 2046 653 2110 illam
662 2044 809 2125 enititur,
821 2043 850 2108 ei
862 2043 964 2109 insula
976 2041 1070 2107 cedit.
1078 2039 1160 2107 Vid.

128 2127 181 2194 'V
177 2127 250 2194 inu.
270 2131 363 2218 ad5.
385 2135 558 2214 23,1mr.
580 2135 613 2199 Ιι.
634 2145 659 2198 t.
679 2133 725 2200 5⁰.
744 2132 881 2198 Alluvio
897 2132 993 2198 hodie
1013 2131 1161 2220 plerum-

129 2239 198 2304 que
219 2220 354 2308 privatis
374 2222 482 2304 cedit,
501 2222 601 2288 modo
623 2221 708 2288 inter
734 2220 860 2288 flumen
887 2233 919 2288 et
945 2243 1063 2308 agrum
1090 2241 1160 2283 non

127 2303 311 2374 intercedat
327 2309 379 2376 via
400 2311 543 2400 publica.
570 2311 618 2376 4⁰.
644 2313 769 2378 Alveus
793 2311 963 2376 derelictus
977 2333 1053 2377 raro
1075 2308 1160 2374 cedit

130 2395 289 2485 privatis,
308 2399 361 2463 sed
379 2413 490 2464 manet
509 2401 719 2504 principum,
733 2401 814 2466 adeo
832 2413 870 2465 ut
889 2400 1000 2467 vasalli
1018 2401 1053 2464 in
1075 2399 1161 2463 Ger-

127 2485 242 2550 mania
257 2486 399 2554 investiri
411 2490 534 2555 soleant
545 2491 641 2556 alvers
653 2489 829 2572 derelictis,
841 2491 942 2555 veluti
957 2489 993 2556 in
1008 2487 1161 2569 Marchia

125 2574 419 2664 Brandeuburgica
433 2579 525 2645 alveo
540 2579 635 2646 Albis
648 2581 730 2668 (mit
744 2578 806 2644 der
816 2579 910 2646 alten
921 2579 1039 2666 Elbo).

221 2747 254 2832 ς.
276 2691 494 2827 ccccxl,
516 2691 1071 2813 cccnxrr-'cccnxvru
1189 2743 1196 2754 ‘

178 2907 842 2974 Hactenusdeaccessionibusnaturalibus.
850 2909 1038 2996 Sequuntur
1047 2908 1163 2974 indus·

128 2995 1160 3089 irialea(554.)cujustressspotissimumsuntspecies,adjunctio,

16 3151 18 3164 ,
129 3082 342 3174 specificatio
349 3135 361 3165 ,
374 3087 580 3151 commixtio.
595 3088 628 3152 Ι.
638 3087 829 3173 AdJ'unctio
840 3099 900 3168 est,
913 3088 1044 3173 quando
1057 3087 1162 3154 aliena

130 3197 187 3244 res
202 3173 346 3240 materiae
360 3187 477 3240 nostrae
494 3176 699 3264 adjungitur,
713 3178 778 3242 sive
793 3176 826 3240 id
841 3176 897 3241 fiat
916 3187 962 3240 1⁰.
969 3200 1037 3264 per
1054 3175 1163 3242 inclu·

130 3265 268 3332 aionem
282 3263 407 3344 ‚veluti
426 3265 452 3328 si
466 3265 569 3330 aliena
580 3287 710 3352 gemma
727 3265 914 3330 includatur
929 3266 1052 3331 annulo
1063 3287 1160 3330 meos

16 3411 17 3414 ,
129 3355 201 3436 sive
219 3361 263 3418 2⁰.
278 3375 346 3439 per
359 3350 746 3439 adferruminationem,
764 3351 865 3422 veluti
882 3356 907 3420 si
922 3356 1044 3420 alienus
1059 3378 1161 3445 capu-

16 3463 18 3514 ῑ
131 3447 186 3512 lus
201 3440 476 3508 adferruminatur
491 3443 599 3529 gladio
611 3467 684 3509 meo
699 3444 784 3510 :sive
797 3445 843 3510 50.
853 3469 921 3534 per
934 3446 1160 3524 intexturam,

133 3555 166 3600 e.
190 3553 223 3620 g.
244 3531 270 3597 si
294 3531 396 3596 aliena
419 3531 475 3598 fila
500 3553 597 3598 aurea
623 3556 736 3622 panno
761 3557 835 3600 meo
860 3535 1073 3601 intexantur:
1096 3535 1162 3599 sive

131 3623 184 3689 4⁰.
197 3646 266 3710 per
283 3615 600 3705 inoedtflcationem,
615 3645 643 3688 e.
663 3645 695 3710 g.
710 3622 735 3686 si
748 3623 787 3695 in¹
798 3623 903 3690 alieno
917 3625 984 3690 solo
1002 3623 1161 3689 aedilicem

130 3713 269 3780 materia
283 3732 375 3793 mea,
386 3710 440 3798 rel
457 3709 560 3776 aliena
574 3715 708 3778 materia
719 3712 755 3776 in
766 3713 834 3778 solo
848 3735 922 3778 meo
936 3741 944 3778 ε
959 3713 1087 3778 sive'50.
1094 3735 1162 3798 per

115 3803 364 3890 ‚sumpturam
377 3799 405 3866 si
418 3800 489 3888 quis
500 3800 619 3866 scribat
632 3803 668 3866 in
683 3801 786 3867 aliena
796 3801 915 3874 ,charta
929 3830 937 3868 ε
955 3803 1020 3871 sive
1035 3801 1082 3866 60.
1092 3823 1162 3888 per

125 3893 309 3982 picturam
318 3939 331 3974 ,
342 3889 370 3956 si
381 3891 453 3979 quie
465 3891 582 3984 pingat
592 3890 628 3958 in
640 3890 744 3982 aliena
756 3890 881 3960 tabula.
