2756 4504
220 301 286 370 568
367 355 371 362 ,
506 289 687 365 LIBER
707 286 771 376 11,
795 285 908 362 TIT.
928 287 984 366 I..

218 405 543 486 sciusetsevidetur,
558 427 619 474 nec
635 404 729 468 aliter
744 387 1256 486 exstimansemerermnrei

218 493 592 583 domiuum,l.109,ff
607 495 650 560 dc
663 493 712 558 V.
730 493 767 557 S.
787 494 860 558 [mo
879 495 950 558 baec
967 493 999 557 b.
1015 489 1041 556 f.
1060 502 1132 555 tam
1144 498 1252 576 puta-

219 611 276 662 tur
294 589 469 659 messoria
479 635 490 667 ,
511 596 549 648 ut
567 605 642 648 eam
655 582 755 647 etiam
775 581 934 648 dubitatio
952 581 1066 647 vitiare
1085 579 1253 645 rideatur.
1315 591 1319 596 ·

219 689 296 752 lmo
311 693 345 748 et
360 688 553 769 perpetuam
572 694 629 738 seu
647 671 839 736 continuam
851 695 918 738 me
930 681 1060 760 oportet
1071 667 1192 732 bonam
1206 665 1255 730 fi-

219 776 314 853 dem,
328 789 433 858 quum
445 763 593 850 alioquin
603 761 802 848 usucapione
813 760 969 840 sufficiat,
981 761 1008 824 si
1021 759 1094 846 quis
1104 757 1196 822 initio
1212 756 1255 820 in

221 853 549 934 bonafidefuerit,l.
564 848 672 934 48‚§.
693 847 778 938 ¹,ffi
795 849 1023 914 deA.R.D.
1042 846 1253 912 Atinbonae

220 953 504 1039 fideiposseuore,
519 941 576 1028 qui
590 939 661 1005 vult
672 935 797 1004 finctus
808 939 952 1020 lucrari,
964 950 999 1003 et
1010 937 1132 1002 bonam
1144 935 1252 1000 fidem

221 1041 413 1108 continuam
433 1036 539 1100 adesse
554 1039 704 1119 oportet,
720 1027 746 1091 l.
765 1029 876 1112 28,§.
893 1025 983 1116 r,ff.
1003 1026 1044 1092 de
1058 1026 1109 1090 A.
1128 1025 1176 1090 R.
1196 1023 1253 1089 D.

222 1130 368 1198 Simulac
382 1125 471 1191 enim
483 1121 564 1201 scit,
578 1141 611 1182 se
625 1139 693 1182 non
707 1139 771 1180 eme
783 1116 977 1197 dominum,
989 1127 1023 1181 et
1035 1127 1145 1180 tamen
1156 1111 1256 1178 fruc-

220 1236 274 1288 tus
285 1220 332 1284 rei
346 1215 460 1280 slienae
469 1209 529 1275 sibi
542 1207 687 1272 vindicat
693 1255 705 1288 ,
724 1228 793 1270 non
810 1206 952 1293 amplius
967 1217 1016 1270 est
1027 1205 1063 1268 b.
1083 1203 1109 1268 f.
1124 1225 1255 1292 posses-

221 1333 298 1390 sor,
312 1306 456 1390 adeoque
468 1321 530 1364 nec
548 1295 674 1362 fructus
688 1295 817 1382 accipit.
837 1294 964 1360 Deinde
981 1307 1015 1359 et
1023 1298 1146 1380 justus
1160 1293 1253 1357 titu-

223 1402 297 1480 lus,
309 1407 349 1460 ut
362 1392 523 1468 diximus,
534 1385 731 1472 requiritur,
748 1396 782 1448 et
792 1383 925 1469 quidem
935 1383 977 1448 ad
988 1380 1255 1448 transferendum

221 1484 408 1556 dominium
426 1478 564 1554 babilis3
577 1475 686 1562 quales
699 1473 810 1539 titulos
822 1495 921 1562 supra
936 1475 967 1558 §.
981 1474 1064 1562 559,
1076 1469 1093 1500 *
1107 1470 1258 1559 descrip-

221 1581 333 1646 simus.
348 1574 439 1638 Nam
451 1593 480 1636 e.
497 1590 530 1654 g.
547 1566 572 1630 si
591 1563 688 1628 alicui
706 1562 962 1628 commodamem
977 1561 1257 1649 equam‚absu1·.

221 1671 305 1736 dum
321 1675 419 1742 esset,
432 1660 459 1724 si
472 1656 603 1748 pullum
615 1653 675 1717 sibi
689 1652 854 1722 vindicare
870 1653 968 1717 vellet
977 1674 1018 1716 eo
1031 1651 1145 1733 titulo,
1159 1649 1256 1736 quod

220 1759 255 1825 b.
274 1755 299 1822 s.
323 1767 356 1820 et
379 1753 462 1832 juste
481 1744 650 1837 possideat.
673 1741 816 1807 Possidet
840 1741 973 1826 quidem
991 1741 1025 1805 b.
1048 1739 1072 1805 f.
1097 1753 1131 1806 et
1152 1737 1255 1805 titulo

220 1851 330 1935 justo,
347 1844 400 1908 sed
416 1861 485 1904 non
505 1836 546 1900 ad
565 1828 825 1898 transferendum
838 1831 1022 1894 dominium
1039 1828 1151 1894 habili.
1170 1827 1256 1892 Nou

220 1939 316 2005 enim
338 1933 411 1998 ideo
434 1951 485 1994 res
504 1935 628 1990 nostras
643 1920 908 2008 commodamus,
924 1931 962 1984 nt
978 1915 1259 1984 commodatarius

219 2029 280 2096 fiat
291 2021 453 2089 dominus.
468 2013 618 2100 Denique
628 2009 804 2098 requiritur
811 2011 989 2098 possessio.
1005 2008 1168 2073 Possidrre
1188 2029 1255 2070 au-

223 2131 292 2184 tem
305 2113 359 2178 hic
375 2131 443 2174 non
455 2106 491 2170 in
503 2125 598 2169 sensu
613 2099 844 2188 grammatico,
859 2098 914 2164 sed
924 2098 1064 2186 juridico
1078 2095 1257 2185 accipitur.

228 2199 464 2273 Grammatice
471 2192 649 2284 possidere
663 2201 709 2254 est
730 2213 801 2255 rem
815 2189 956 2254 detinere
969 2187 1021 2253 rel
1040 2187 1069 2252 ei
1084 2185 1229 2250 insistere
1243 2232 1257 2264 ,

225 2305 259 2364 et
276 2293 355 2360 hinc
373 2312 412 2355 eo
429 2307 522 2352 sensu
539 2279 720 2346 conductor
732 2281 830 2344 etiam
846 2299 917 2343 rem
938 2276 1134 2342 conductam
1148 2273 1258 2364 possi·

224 2385 290 2450 det.
323 2381 372 2445 At
395 2379 430 2442 in
456 2395 549 2439 sensu
572 2369 722 2450 juridico
741 2366 914 2456 possidere
934 2379 981 2432 est
1008 2387 1079 2431 rem
1109 2364 1260 2430 detinere

223 2471 337 2540 snimo
354 2467 414 2532 sibi
432 2460 574 2530 habendi
588 2469 758 2545 tamquam
776 2457 930 2536 domin03
947 2457 1091 2542 adeoque
1111 2453 1153 2520 ad
1173 2473 1258 2542 pos-

223 2563 395 2630 sessionem
411 2566 443 2618 et
455 2551 502 2640 (a)
516 2549 656 2615 detentio
669 2547 864 2636 corporalis,
877 2557 910 2610 et
927 2544 977 2634 (b)
992 2546 1121 2610 animus
1131 2566 1156 2607 s.
1170 2559 1258 2607 con·

222 2651 332 2722 silium
350 2641 532 2712 dominium
552 2639 597 2704 rei
612 2635 753 2702 habendi
772 2632 959 2722 requiritur.
975 2635 1051 2699 Jam
1070 2655 1148 2720 ergo
1169 2629 1257 2697 dum

221 2743 280 2810 hic
302 2737 470 2826 loquimur
492 2731 531 2794 de
551 2726 763 2817 possessione,
785 2747 853 2792 non
875 2719 1086 2810 intelligimus
1107 2719 1260 2787 vocabu-

218 2835 298 2918 ‚tum
312 2831 348 2894 in
362 2817 703 2908 sensugrammatico,
730 2836 831 2902 quam
850 2809 1078 2901 possessionem
1097 2829 1262 2877 vocamus

226 2917 423 2991 naturalem
439 2940 450 2977 .-
464 2911 519 2976 sed
533 2909 567 2972 in
581 2929 676 2972 sensu
685 2903 845 3000 jluridico,
862 2915 894 2966 et
915 2903 986 2966 talis
999 2895 1136 2992 possesio
1152 2921 1258 2966 voca-

223 3025 283 3079 tur
301 3005 421 3076 civilis.
439 2999 539 3086 Quod
553 2997 578 3061 si
592 3017 670 3081 ergo
685 2993 754 3058 haec
767 2993 920 3078 requisita
935 3001 1159 3071 concurrunt,
1174 2999 1262 3052 tunc

224 3104 315 3172 valet
329 3094 461 3184 regula,
475 3089 569 3154 bonae
583 3085 657 3149 fidei
672 3103 846 3171 possessor,
861 3081 1018 3168 quamdiu
1035 3102 1131 3146 verus
1145 3077 1263 3142 domi-

227 3217 289 3260 nus
307 3211 375 3254 non
393 3177 597 3270 supervenit,
619 3195 680 3262 pro
695 3171 828 3236 domino
844 3170 1001 3251 habetur,
1022 3169 1044 3234 l.
1061 3167 1126 3250 43,
1141 3191 1199 3254 pr.
1205 3165 1262 3256 ff

228 3285 269 3349 dc
287 3281 334 3346 Α.
359 3277 406 3344 R.
428 3271 477 3354 D.
494 3269 545 3332 Ex
563 3286 627 3353 qua
647 3261 759 3349 regula
781 3259 879 3326 varim
898 3257 1007 3323 fluunt
1023 3257 1263 3324 conclusiones·

227 3371 263 3438 N
264 3393 318 3437 um
328 3361 446 3454 quiab.
461 3357 485 3422 f.
502 3375 657 3445 possessor
671 3373 733 3442 pro
747 3345 881 3414 domino
889 3349 1045 3428 babetur,
1060 3367 1265 3432 consequens

178 3471 190 3488 ⁴·
228 3471 294 3539 est,
313 3465 356 3524 1⁰.
371 3463 410 3518 ut
423 3468 535 3514 omnes
556 3443 682 3508 fructus
699 3450 867 3528 perceptos
881 3461 953 3502 suos
966 3435 1074 3504 faciat.
1089 3436 1264 3501 Dicuntur

230 3559 342 3616 autem
356 3542 480 3610 fructus
494 3531 659 3626 percepti,
674 3529 772 3595 simul
794 3551 832 3592 ac
847 3527 985 3615 separati
1007 3537 1101 3608 sunt,
1124 3546 1154 3588 e.
1177 3546 1210 3610 g.
1233 3525 1264 3590 si

231 3637 339 3726 fruges
354 3655 372 3698 u
386 3627 488 3696 fundo
502 3631 677 3713 separatus,
693 3619 718 3684 si
732 3640 831 3710 poma
846 3615 1014 3682 arboribus
1027 3635 1160 3680 excussa
1175 3639 1184 3676 ι
1200 3636 1267 3680 an-

230 3739 363 3816 tequam
378 3716 563 3794 irtacum,
578 3734 646 3776 non
658 3711 813 3774 dicuntur
823 3705 968 3796 percepti
980 3703 1121 3785 fructus,
1134 3703 1266 3768 etiamsi

231 3814 354 3884 maturi
368 3811 441 3877 sint.
460 3809 505 3873 2⁰.
525 3805 574 3870 Ut
587 3802 622 3866 in
635 3800 669 3865 b.
694 3796 717 3862 f.
742 3805 914 3886 possessore
929 3794 1012 3859 nihil
1025 3793 1171 3873 intersit,
1192 3793 1267 3858 sive

141 3895 188 3924 ’Ἢ
231 3905 357 3974 fructus
379 3903 445 3967 sint
467 3890 670 3962 industriales
681 3938 692 3976 ,
714 3887 780 3955 sive
807 3883 980 3963 naturales.
1007 3881 1150 3974 Percipit
1170 3881 1268 4038 eiiim
1362 3955 1365 3964 Ι

1222 3991 1266 4038 os
